figi,direction,price,quantity,time
BBG0013HGFT4,2,66.93,2,2022-05-12 06:59:40.000904+00:00
BBG0013HGFT4,2,66.93,1,2022-05-12 06:59:40.000904+00:00
BBG0013HGFT4,2,66.93,2,2022-05-12 06:59:40.000904+00:00
BBG0013HGFT4,2,66.93,10,2022-05-12 06:59:40.000904+00:00
BBG0013HGFT4,2,66.93,3,2022-05-12 06:59:40.000904+00:00
BBG0013HGFT4,1,66.93,1,2022-05-12 06:59:40.000904+00:00
BBG0013HGFT4,1,66.93,3,2022-05-12 06:59:40.000904+00:00
BBG0013HGFT4,1,66.93,1,2022-05-12 07:00:00.141242+00:00
BBG0013HGFT4,1,66.9825,6,2022-05-12 07:00:00.141242+00:00
BBG0013HGFT4,1,66.985,1,2022-05-12 07:00:00.400583+00:00
BBG0013HGFT4,1,66.985,2,2022-05-12 07:00:00.415080+00:00
BBG0013HGFT4,2,66.9,4,2022-05-12 07:00:01.598353+00:00
BBG0013HGFT4,2,66.9,1,2022-05-12 07:00:01.598353+00:00
BBG0013HGFT4,2,66.82,1,2022-05-12 07:00:03.239651+00:00
BBG0013HGFT4,2,66.79,1,2022-05-12 07:00:03.239651+00:00
BBG0013HGFT4,2,66.605,1,2022-05-12 07:00:03.239651+00:00
BBG0013HGFT4,2,66.6025,5,2022-05-12 07:00:03.281231+00:00
BBG0013HGFT4,2,66.6,1,2022-05-12 07:00:03.281231+00:00
BBG0013HGFT4,2,66.57,43,2022-05-12 07:00:03.281231+00:00
BBG0013HGFT4,2,66.555,2,2022-05-12 07:00:03.483198+00:00
BBG0013HGFT4,2,66.55,1,2022-05-12 07:00:03.507663+00:00
BBG0013HGFT4,2,66.55,5,2022-05-12 07:00:03.596011+00:00
BBG0013HGFT4,2,66.54,5,2022-05-12 07:00:03.596011+00:00
BBG0013HGFT4,2,66.535,1,2022-05-12 07:00:03.641467+00:00
BBG0013HGFT4,2,66.535,11,2022-05-12 07:00:03.641467+00:00
BBG0013HGFT4,2,66.5325,1,2022-05-12 07:00:03.676374+00:00
BBG0013HGFT4,1,66.745,50,2022-05-12 07:00:03.876345+00:00
BBG0013HGFT4,2,66.5325,2,2022-05-12 07:00:03.928563+00:00
BBG0013HGFT4,1,66.535,1,2022-05-12 07:00:04.253729+00:00
BBG0013HGFT4,1,66.545,50,2022-05-12 07:00:04.581129+00:00
BBG0013HGFT4,2,66.5325,3,2022-05-12 07:00:04.733585+00:00
BBG0013HGFT4,2,66.5325,9,2022-05-12 07:00:04.776560+00:00
BBG0013HGFT4,2,66.5325,35,2022-05-12 07:00:04.785075+00:00
BBG0013HGFT4,2,66.5325,1,2022-05-12 07:00:04.785075+00:00
BBG0013HGFT4,2,66.52,15,2022-05-12 07:00:05.059749+00:00
BBG0013HGFT4,2,66.52,20,2022-05-12 07:00:05.214397+00:00
BBG0013HGFT4,2,66.52,10,2022-05-12 07:00:05.263177+00:00
BBG0013HGFT4,2,66.52,5,2022-05-12 07:00:05.373284+00:00
BBG0013HGFT4,2,66.52,20,2022-05-12 07:00:05.421552+00:00
BBG0013HGFT4,2,66.52,3,2022-05-12 07:00:05.442505+00:00
BBG0013HGFT4,2,66.52,10,2022-05-12 07:00:05.478652+00:00
BBG0013HGFT4,2,66.52,17,2022-05-12 07:00:05.540730+00:00
BBG0013HGFT4,2,66.5,1,2022-05-12 07:00:05.540730+00:00
BBG0013HGFT4,2,66.5,1,2022-05-12 07:00:05.540730+00:00
BBG0013HGFT4,2,66.375,1,2022-05-12 07:00:05.540730+00:00
BBG0013HGFT4,1,66.3775,1,2022-05-12 07:00:05.573236+00:00
BBG0013HGFT4,2,66.375,2,2022-05-12 07:00:05.603181+00:00
BBG0013HGFT4,1,66.3775,50,2022-05-12 07:00:05.662470+00:00
BBG0013HGFT4,2,66.53,1,2022-05-12 07:00:05.681507+00:00
BBG0013HGFT4,2,66.5225,2,2022-05-12 07:00:05.681507+00:00
BBG0013HGFT4,2,66.5025,20,2022-05-12 07:00:05.750223+00:00
BBG0013HGFT4,2,66.5025,3,2022-05-12 07:00:05.787322+00:00
BBG0013HGFT4,2,66.5025,20,2022-05-12 07:00:05.840992+00:00
BBG0013HGFT4,2,66.5025,7,2022-05-12 07:00:05.891112+00:00
BBG0013HGFT4,2,66.5,43,2022-05-12 07:00:05.891112+00:00
BBG0013HGFT4,2,66.5025,20,2022-05-12 07:00:05.952384+00:00
BBG0013HGFT4,1,66.5225,3,2022-05-12 07:00:05.982043+00:00
BBG0013HGFT4,2,66.5025,30,2022-05-12 07:00:06.003615+00:00
BBG0013HGFT4,2,66.5,20,2022-05-12 07:00:06.106816+00:00
BBG0013HGFT4,1,66.5025,20,2022-05-12 07:00:06.173037+00:00
BBG0013HGFT4,2,66.5025,60,2022-05-12 07:00:06.174983+00:00
BBG0013HGFT4,2,66.5025,20,2022-05-12 07:00:06.184383+00:00
BBG0013HGFT4,2,66.5,20,2022-05-12 07:00:06.294042+00:00
BBG0013HGFT4,2,66.5,20,2022-05-12 07:00:06.451683+00:00
BBG0013HGFT4,2,66.5,20,2022-05-12 07:00:06.620764+00:00
BBG0013HGFT4,1,66.5025,30,2022-05-12 07:00:06.703518+00:00
BBG0013HGFT4,1,66.5025,50,2022-05-12 07:00:06.703518+00:00
BBG0013HGFT4,2,66.51,20,2022-05-12 07:00:06.710401+00:00
BBG0013HGFT4,2,66.5,20,2022-05-12 07:00:06.724581+00:00
BBG0013HGFT4,2,66.5,20,2022-05-12 07:00:06.849000+00:00
BBG0013HGFT4,2,66.5,10,2022-05-12 07:00:06.858864+00:00
BBG0013HGFT4,2,66.5,5,2022-05-12 07:00:06.863314+00:00
BBG0013HGFT4,2,66.5,10,2022-05-12 07:00:06.889821+00:00
BBG0013HGFT4,2,66.5,20,2022-05-12 07:00:06.977969+00:00
BBG0013HGFT4,2,66.5,20,2022-05-12 07:00:07.200614+00:00
BBG0013HGFT4,2,66.5,10,2022-05-12 07:00:07.271356+00:00
BBG0013HGFT4,2,66.5,20,2022-05-12 07:00:07.393065+00:00
BBG0013HGFT4,2,66.5,200,2022-05-12 07:00:07.707180+00:00
BBG0013HGFT4,2,66.5,200,2022-05-12 07:00:07.977712+00:00
BBG0013HGFT4,1,66.5025,30,2022-05-12 07:00:08.602153+00:00
BBG0013HGFT4,1,66.5025,20,2022-05-12 07:00:08.602153+00:00
BBG0013HGFT4,2,66.5,1,2022-05-12 07:00:08.637664+00:00
BBG0013HGFT4,1,66.5225,8,2022-05-12 07:00:09.109103+00:00
BBG0013HGFT4,2,66.5,5,2022-05-12 07:00:09.575369+00:00
BBG0013HGFT4,2,66.5,1,2022-05-12 07:00:09.782099+00:00
BBG0013HGFT4,2,66.5125,50,2022-05-12 07:00:10.016423+00:00
BBG0013HGFT4,2,66.5025,50,2022-05-12 07:00:10.368935+00:00
BBG0013HGFT4,2,66.5,1,2022-05-12 07:00:10.624303+00:00
BBG0013HGFT4,2,66.5,3,2022-05-12 07:00:10.785701+00:00
BBG0013HGFT4,2,66.5,30,2022-05-12 07:00:11.387619+00:00
BBG0013HGFT4,2,66.5025,1,2022-05-12 07:00:11.949259+00:00
BBG0013HGFT4,1,66.5025,1,2022-05-12 07:00:12.148510+00:00
BBG0013HGFT4,1,66.5025,1,2022-05-12 07:00:12.316425+00:00
BBG0013HGFT4,1,66.5025,7,2022-05-12 07:00:12.377626+00:00
BBG0013HGFT4,2,66.5,2,2022-05-12 07:00:12.455269+00:00
BBG0013HGFT4,1,66.5025,1,2022-05-12 07:00:12.484623+00:00
BBG0013HGFT4,1,66.5025,2,2022-05-12 07:00:12.540826+00:00
BBG0013HGFT4,2,66.5,45,2022-05-12 07:00:12.613933+00:00
BBG0013HGFT4,1,66.5025,5,2022-05-12 07:00:12.999901+00:00
BBG0013HGFT4,1,66.5025,1,2022-05-12 07:00:13.156107+00:00
BBG0013HGFT4,1,66.5025,20,2022-05-12 07:00:14.096051+00:00
BBG0013HGFT4,2,66.5,15,2022-05-12 07:00:14.418936+00:00
BBG0013HGFT4,2,66.5,10,2022-05-12 07:00:15.242563+00:00
BBG0013HGFT4,2,66.5,21,2022-05-12 07:00:15.463898+00:00
BBG0013HGFT4,2,66.5,2,2022-05-12 07:00:15.614180+00:00
BBG0013HGFT4,1,66.5025,3,2022-05-12 07:00:15.644129+00:00
BBG0013HGFT4,1,66.5025,42,2022-05-12 07:00:15.645702+00:00
BBG0013HGFT4,2,66.5,6,2022-05-12 07:00:15.680010+00:00
BBG0013HGFT4,2,66.5,53,2022-05-12 07:00:15.681614+00:00
BBG0013HGFT4,1,66.5025,3,2022-05-12 07:00:16.542131+00:00
BBG0013HGFT4,1,66.5025,2,2022-05-12 07:00:17.271514+00:00
BBG0013HGFT4,2,66.5,8,2022-05-12 07:00:17.755370+00:00
BBG0013HGFT4,1,66.5025,3,2022-05-12 07:00:18.282030+00:00
BBG0013HGFT4,2,66.5,5,2022-05-12 07:00:18.791036+00:00
BBG0013HGFT4,2,66.5,5,2022-05-12 07:00:18.904115+00:00
BBG0013HGFT4,1,66.5025,1,2022-05-12 07:00:19.038392+00:00
BBG0013HGFT4,1,66.5225,1,2022-05-12 07:00:19.162866+00:00
BBG0013HGFT4,1,66.57,2,2022-05-12 07:00:19.162866+00:00
BBG0013HGFT4,1,66.5025,3,2022-05-12 07:00:19.355293+00:00
BBG0013HGFT4,1,66.5225,1,2022-05-12 07:00:20.248327+00:00
BBG0013HGFT4,1,66.5975,2,2022-05-12 07:00:20.904563+00:00
BBG0013HGFT4,1,66.6075,1,2022-05-12 07:00:24.456514+00:00
BBG0013HGFT4,1,66.6075,1,2022-05-12 07:00:24.561890+00:00
BBG0013HGFT4,1,66.6075,48,2022-05-12 07:00:25.233237+00:00
BBG0013HGFT4,1,66.6075,38,2022-05-12 07:00:25.233237+00:00
BBG0013HGFT4,2,66.61,4,2022-05-12 07:00:25.339185+00:00
BBG0013HGFT4,1,66.6075,1,2022-05-12 07:00:25.909803+00:00
BBG0013HGFT4,2,66.6,29,2022-05-12 07:00:27.539372+00:00
BBG0013HGFT4,2,66.6,21,2022-05-12 07:00:27.540848+00:00
BBG0013HGFT4,1,66.6325,38,2022-05-12 07:00:27.881872+00:00
BBG0013HGFT4,1,66.6425,10,2022-05-12 07:00:28.584573+00:00
BBG0013HGFT4,2,66.6,2,2022-05-12 07:00:28.721797+00:00
BBG0013HGFT4,1,66.6425,25,2022-05-12 07:00:29.065815+00:00
BBG0013HGFT4,1,66.6525,3,2022-05-12 07:00:29.694241+00:00
BBG0013HGFT4,2,66.6,5,2022-05-12 07:00:30.329834+00:00
BBG0013HGFT4,2,66.6,1,2022-05-12 07:00:30.545832+00:00
BBG0013HGFT4,2,66.6025,8,2022-05-12 07:00:31.376317+00:00
BBG0013HGFT4,2,66.6,2,2022-05-12 07:00:31.518675+00:00
BBG0013HGFT4,1,66.64,20,2022-05-12 07:00:31.598859+00:00
BBG0013HGFT4,2,66.65,5,2022-05-12 07:00:31.742199+00:00
BBG0013HGFT4,1,66.6025,50,2022-05-12 07:00:32.028426+00:00
BBG0013HGFT4,1,66.6175,50,2022-05-12 07:00:32.031836+00:00
BBG0013HGFT4,2,66.6,1,2022-05-12 07:00:32.488909+00:00
BBG0013HGFT4,1,66.6325,10,2022-05-12 07:00:33.136932+00:00
BBG0013HGFT4,1,66.645,20,2022-05-12 07:00:33.136932+00:00
BBG0013HGFT4,1,66.7,18,2022-05-12 07:00:33.136932+00:00
BBG0013HGFT4,1,66.7075,52,2022-05-12 07:00:33.136932+00:00
BBG0013HGFT4,1,66.65,25,2022-05-12 07:00:33.902128+00:00
BBG0013HGFT4,2,66.6475,1,2022-05-12 07:00:34.055807+00:00
BBG0013HGFT4,1,66.6475,1,2022-05-12 07:00:34.622434+00:00
BBG0013HGFT4,2,66.61,2,2022-05-12 07:00:35.327131+00:00
BBG0013HGFT4,2,66.6125,3,2022-05-12 07:00:36.367511+00:00
BBG0013HGFT4,2,66.62,2,2022-05-12 07:00:39.588017+00:00
BBG0013HGFT4,2,66.62,8,2022-05-12 07:00:39.588017+00:00
BBG0013HGFT4,1,66.635,10,2022-05-12 07:00:39.838074+00:00
BBG0013HGFT4,1,66.635,5,2022-05-12 07:00:40.255062+00:00
BBG0013HGFT4,2,66.6325,2,2022-05-12 07:00:40.343007+00:00
BBG0013HGFT4,2,66.62,2,2022-05-12 07:00:40.683111+00:00
BBG0013HGFT4,2,66.61,2,2022-05-12 07:00:40.683111+00:00
BBG0013HGFT4,1,66.635,1,2022-05-12 07:00:41.043387+00:00
BBG0013HGFT4,2,66.6325,1,2022-05-12 07:00:41.425633+00:00
BBG0013HGFT4,2,66.61,1,2022-05-12 07:00:41.425633+00:00
BBG0013HGFT4,2,66.62,1,2022-05-12 07:00:41.767093+00:00
BBG0013HGFT4,2,66.62,5,2022-05-12 07:00:41.769814+00:00
BBG0013HGFT4,2,66.62,2,2022-05-12 07:00:41.771319+00:00
BBG0013HGFT4,2,66.62,1,2022-05-12 07:00:41.772850+00:00
BBG0013HGFT4,2,66.61,2,2022-05-12 07:00:42.867649+00:00
BBG0013HGFT4,1,66.6325,7,2022-05-12 07:00:43.002340+00:00
BBG0013HGFT4,1,66.6275,50,2022-05-12 07:00:43.131347+00:00
BBG0013HGFT4,1,66.6325,1,2022-05-12 07:00:43.922503+00:00
BBG0013HGFT4,2,66.6125,1,2022-05-12 07:00:44.001295+00:00
BBG0013HGFT4,1,66.6325,1,2022-05-12 07:00:45.198035+00:00
BBG0013HGFT4,1,66.665,49,2022-05-12 07:00:45.198035+00:00
BBG0013HGFT4,1,66.635,7,2022-05-12 07:00:45.639059+00:00
BBG0013HGFT4,2,66.6125,1,2022-05-12 07:00:45.844744+00:00
BBG0013HGFT4,1,66.635,1,2022-05-12 07:00:45.949269+00:00
BBG0013HGFT4,2,66.6125,1,2022-05-12 07:00:46.070788+00:00
BBG0013HGFT4,2,66.625,3,2022-05-12 07:00:47.246325+00:00
BBG0013HGFT4,1,66.655,1,2022-05-12 07:00:48.294950+00:00
BBG0013HGFT4,1,66.655,50,2022-05-12 07:00:48.622530+00:00
BBG0013HGFT4,1,66.665,9,2022-05-12 07:00:48.622530+00:00
BBG0013HGFT4,1,66.665,20,2022-05-12 07:00:48.622530+00:00
BBG0013HGFT4,2,66.665,50,2022-05-12 07:00:48.623522+00:00
BBG0013HGFT4,2,66.665,50,2022-05-12 07:00:48.624840+00:00
BBG0013HGFT4,2,66.665,30,2022-05-12 07:00:48.625523+00:00
BBG0013HGFT4,2,66.665,50,2022-05-12 07:00:48.626069+00:00
BBG0013HGFT4,2,66.665,18,2022-05-12 07:00:48.628527+00:00
BBG0013HGFT4,2,66.665,2,2022-05-12 07:00:48.647540+00:00
BBG0013HGFT4,1,66.67,1,2022-05-12 07:00:48.794773+00:00
BBG0013HGFT4,2,66.665,1,2022-05-12 07:00:48.839503+00:00
BBG0013HGFT4,2,66.665,1,2022-05-12 07:00:48.840958+00:00
BBG0013HGFT4,2,66.665,1,2022-05-12 07:00:48.842226+00:00
BBG0013HGFT4,2,66.665,1,2022-05-12 07:00:48.853177+00:00
BBG0013HGFT4,2,66.665,1,2022-05-12 07:00:48.854373+00:00
BBG0013HGFT4,1,66.675,10,2022-05-12 07:00:49.410582+00:00
BBG0013HGFT4,1,66.675,25,2022-05-12 07:00:49.446492+00:00
BBG0013HGFT4,2,66.665,5,2022-05-12 07:00:49.469604+00:00
BBG0013HGFT4,1,66.675,5,2022-05-12 07:00:49.817628+00:00
BBG0013HGFT4,1,66.675,10,2022-05-12 07:00:50.012904+00:00
BBG0013HGFT4,1,66.74,1,2022-05-12 07:00:50.591147+00:00
BBG0013HGFT4,1,66.74,10,2022-05-12 07:00:50.702675+00:00
BBG0013HGFT4,2,66.6675,5,2022-05-12 07:00:50.926239+00:00
BBG0013HGFT4,1,66.705,4,2022-05-12 07:00:51.079501+00:00
BBG0013HGFT4,1,66.7,1,2022-05-12 07:00:52.167233+00:00
BBG0013HGFT4,2,66.6675,1,2022-05-12 07:00:52.754509+00:00
BBG0013HGFT4,1,66.7,6,2022-05-12 07:00:52.868852+00:00
BBG0013HGFT4,1,66.7175,48,2022-05-12 07:00:52.868852+00:00
BBG0013HGFT4,1,66.7075,1,2022-05-12 07:00:53.809951+00:00
BBG0013HGFT4,1,66.7,2,2022-05-12 07:00:54.134378+00:00
BBG0013HGFT4,2,66.69,35,2022-05-12 07:00:55.551215+00:00
BBG0013HGFT4,1,66.7425,1,2022-05-12 07:00:56.179278+00:00
BBG0013HGFT4,2,66.69,15,2022-05-12 07:00:56.335688+00:00
BBG0013HGFT4,2,66.6675,38,2022-05-12 07:00:56.335688+00:00
BBG0013HGFT4,2,66.6675,16,2022-05-12 07:00:57.145715+00:00
BBG0013HGFT4,2,66.6675,10,2022-05-12 07:00:57.145715+00:00
BBG0013HGFT4,1,66.705,2,2022-05-12 07:00:57.441087+00:00
BBG0013HGFT4,2,66.7,3,2022-05-12 07:00:57.870527+00:00
BBG0013HGFT4,2,66.7,1,2022-05-12 07:00:57.953111+00:00
BBG0013HGFT4,1,66.705,4,2022-05-12 07:00:58.101274+00:00
BBG0013HGFT4,2,66.7,6,2022-05-12 07:00:58.979976+00:00
BBG0013HGFT4,2,66.7,1,2022-05-12 07:00:58.979976+00:00
BBG0013HGFT4,2,66.7,1,2022-05-12 07:00:58.979976+00:00
BBG0013HGFT4,2,66.6675,3,2022-05-12 07:01:00.037917+00:00
BBG0013HGFT4,2,66.6675,8,2022-05-12 07:01:00.037917+00:00
BBG0013HGFT4,2,66.665,39,2022-05-12 07:01:00.037917+00:00
BBG0013HGFT4,2,66.665,60,2022-05-12 07:01:00.050466+00:00
BBG0013HGFT4,2,66.665,50,2022-05-12 07:01:00.238583+00:00
BBG0013HGFT4,2,66.665,20,2022-05-12 07:01:00.361199+00:00
BBG0013HGFT4,2,66.665,30,2022-05-12 07:01:00.406392+00:00
BBG0013HGFT4,2,66.665,12,2022-05-12 07:01:00.485369+00:00
BBG0013HGFT4,1,66.625,5,2022-05-12 07:01:00.661408+00:00
BBG0013HGFT4,1,66.62,10,2022-05-12 07:01:01.481810+00:00
BBG0013HGFT4,1,66.61,1,2022-05-12 07:01:02.830353+00:00
BBG0013HGFT4,2,66.6075,1,2022-05-12 07:01:03.176369+00:00
BBG0013HGFT4,2,66.6,1,2022-05-12 07:01:03.176369+00:00
BBG0013HGFT4,2,66.6,10,2022-05-12 07:01:03.178652+00:00
BBG0013HGFT4,2,66.6,10,2022-05-12 07:01:03.180036+00:00
BBG0013HGFT4,2,66.6,10,2022-05-12 07:01:03.181433+00:00
BBG0013HGFT4,2,66.6025,50,2022-05-12 07:01:03.293418+00:00
BBG0013HGFT4,2,66.6,5,2022-05-12 07:01:04.313171+00:00
BBG0013HGFT4,2,66.6,1,2022-05-12 07:01:04.578632+00:00
BBG0013HGFT4,2,66.6,50,2022-05-12 07:01:05.261879+00:00
BBG0013HGFT4,1,66.6025,10,2022-05-12 07:01:05.426866+00:00
BBG0013HGFT4,2,66.6,20,2022-05-12 07:01:05.668315+00:00
BBG0013HGFT4,2,66.6,5,2022-05-12 07:01:05.736373+00:00
BBG0013HGFT4,2,66.6,20,2022-05-12 07:01:05.873684+00:00
BBG0013HGFT4,1,66.6025,1,2022-05-12 07:01:06.386944+00:00
BBG0013HGFT4,2,66.6,2,2022-05-12 07:01:06.603809+00:00
BBG0013HGFT4,1,66.6025,5,2022-05-12 07:01:06.633018+00:00
BBG0013HGFT4,2,66.6,9,2022-05-12 07:01:07.000694+00:00
BBG0013HGFT4,1,66.6025,3,2022-05-12 07:01:07.022113+00:00
BBG0013HGFT4,2,66.6,15,2022-05-12 07:01:07.447920+00:00
BBG0013HGFT4,2,66.6,50,2022-05-12 07:01:07.459107+00:00
BBG0013HGFT4,1,66.6025,1,2022-05-12 07:01:07.552415+00:00
BBG0013HGFT4,2,66.6,50,2022-05-12 07:01:07.921363+00:00
BBG0013HGFT4,2,66.6,50,2022-05-12 07:01:08.142210+00:00
BBG0013HGFT4,2,66.6,8,2022-05-12 07:01:08.556984+00:00
BBG0013HGFT4,2,66.6,2,2022-05-12 07:01:08.558269+00:00
BBG0013HGFT4,2,66.6,5,2022-05-12 07:01:08.826550+00:00
BBG0013HGFT4,2,66.6,20,2022-05-12 07:01:08.937015+00:00
BBG0013HGFT4,2,66.6,20,2022-05-12 07:01:08.964675+00:00
BBG0013HGFT4,2,66.6,20,2022-05-12 07:01:09.186476+00:00
BBG0013HGFT4,2,66.6,3,2022-05-12 07:01:09.187119+00:00
BBG0013HGFT4,2,66.6,20,2022-05-12 07:01:09.384539+00:00
BBG0013HGFT4,2,66.6,1,2022-05-12 07:01:09.388175+00:00
BBG0013HGFT4,2,66.6,20,2022-05-12 07:01:09.577855+00:00
BBG0013HGFT4,2,66.6,2,2022-05-12 07:01:09.587819+00:00
BBG0013HGFT4,2,66.6,2,2022-05-12 07:01:09.590573+00:00
BBG0013HGFT4,2,66.6,8,2022-05-12 07:01:09.692408+00:00
BBG0013HGFT4,2,66.6,1,2022-05-12 07:01:09.692408+00:00
BBG0013HGFT4,2,66.6,10,2022-05-12 07:01:09.692408+00:00
BBG0013HGFT4,2,66.6,1,2022-05-12 07:01:09.692408+00:00
BBG0013HGFT4,2,66.6,1,2022-05-12 07:01:09.692408+00:00
BBG0013HGFT4,2,66.6,4,2022-05-12 07:01:09.692408+00:00
BBG0013HGFT4,2,66.6,3,2022-05-12 07:01:09.702648+00:00
BBG0013HGFT4,2,66.6,1,2022-05-12 07:01:09.702648+00:00
BBG0013HGFT4,1,66.57,50,2022-05-12 07:01:09.703839+00:00
BBG0013HGFT4,2,66.57,50,2022-05-12 07:01:09.706296+00:00
BBG0013HGFT4,1,66.5975,1,2022-05-12 07:01:09.967818+00:00
BBG0013HGFT4,2,66.5675,1,2022-05-12 07:01:10.064129+00:00
BBG0013HGFT4,1,66.5875,1,2022-05-12 07:01:10.362498+00:00
BBG0013HGFT4,1,66.5875,1,2022-05-12 07:01:10.429470+00:00
BBG0013HGFT4,1,66.5875,1,2022-05-12 07:01:10.484424+00:00
BBG0013HGFT4,1,66.57,50,2022-05-12 07:01:10.876881+00:00
BBG0013HGFT4,1,66.57,50,2022-05-12 07:01:12.367554+00:00
BBG0013HGFT4,2,66.57,50,2022-05-12 07:01:12.369617+00:00
BBG0013HGFT4,2,66.55,1,2022-05-12 07:01:12.757965+00:00
BBG0013HGFT4,1,66.585,2,2022-05-12 07:01:12.831727+00:00
BBG0013HGFT4,2,66.55,4,2022-05-12 07:01:13.511325+00:00
BBG0013HGFT4,1,66.57,5,2022-05-12 07:01:13.629116+00:00
BBG0013HGFT4,2,66.5675,7,2022-05-12 07:01:13.777977+00:00
BBG0013HGFT4,2,66.55,5,2022-05-12 07:01:13.777977+00:00
BBG0013HGFT4,2,66.5225,5,2022-05-12 07:01:14.892592+00:00
BBG0013HGFT4,2,66.5175,1,2022-05-12 07:01:14.892592+00:00
BBG0013HGFT4,2,66.5175,10,2022-05-12 07:01:14.894881+00:00
BBG0013HGFT4,1,66.5425,25,2022-05-12 07:01:15.244876+00:00
BBG0013HGFT4,2,66.54,2,2022-05-12 07:01:16.358006+00:00
BBG0013HGFT4,2,66.5175,20,2022-05-12 07:01:16.358006+00:00
BBG0013HGFT4,2,66.52,1,2022-05-12 07:01:16.864529+00:00
BBG0013HGFT4,1,66.5425,1,2022-05-12 07:01:17.044438+00:00
BBG0013HGFT4,1,66.5425,2,2022-05-12 07:01:17.057376+00:00
BBG0013HGFT4,1,66.5425,5,2022-05-12 07:01:17.067824+00:00
BBG0013HGFT4,2,66.52,1,2022-05-12 07:01:18.006813+00:00
BBG0013HGFT4,2,66.52,48,2022-05-12 07:01:18.281503+00:00
BBG0013HGFT4,2,66.52,3,2022-05-12 07:01:18.281503+00:00
BBG0013HGFT4,2,66.5125,25,2022-05-12 07:01:18.281503+00:00
BBG0013HGFT4,2,66.51,1,2022-05-12 07:01:18.281503+00:00
BBG0013HGFT4,2,66.505,1,2022-05-12 07:01:18.281503+00:00
BBG0013HGFT4,2,66.505,1,2022-05-12 07:01:18.281503+00:00
BBG0013HGFT4,2,66.505,10,2022-05-12 07:01:18.281503+00:00
BBG0013HGFT4,2,66.5025,1,2022-05-12 07:01:18.281503+00:00
BBG0013HGFT4,2,66.5025,125,2022-05-12 07:01:18.281503+00:00
BBG0013HGFT4,2,66.5,97,2022-05-12 07:01:18.281503+00:00
BBG0013HGFT4,2,66.5,62,2022-05-12 07:01:18.284119+00:00
BBG0013HGFT4,2,66.5,51,2022-05-12 07:01:18.312153+00:00
BBG0013HGFT4,2,66.53,3,2022-05-12 07:01:18.693995+00:00
BBG0013HGFT4,2,66.5025,15,2022-05-12 07:01:18.831497+00:00
BBG0013HGFT4,2,66.5025,7,2022-05-12 07:01:18.856305+00:00
BBG0013HGFT4,2,66.5025,9,2022-05-12 07:01:19.093355+00:00
BBG0013HGFT4,2,66.5,135,2022-05-12 07:01:19.490100+00:00
BBG0013HGFT4,2,66.5,3,2022-05-12 07:01:19.737465+00:00
BBG0013HGFT4,2,66.5,5,2022-05-12 07:01:20.125083+00:00
BBG0013HGFT4,2,66.5,3,2022-05-12 07:01:20.193519+00:00
BBG0013HGFT4,2,66.5,13,2022-05-12 07:01:20.232643+00:00
BBG0013HGFT4,2,66.5,20,2022-05-12 07:01:20.532975+00:00
BBG0013HGFT4,2,66.5,10,2022-05-12 07:01:20.539533+00:00
BBG0013HGFT4,2,66.5,100,2022-05-12 07:01:20.543721+00:00
BBG0013HGFT4,2,66.5,3,2022-05-12 07:01:20.651260+00:00
BBG0013HGFT4,2,66.5,20,2022-05-12 07:01:20.731495+00:00
BBG0013HGFT4,2,66.5,20,2022-05-12 07:01:20.950586+00:00
BBG0013HGFT4,2,66.5,55,2022-05-12 07:01:21.032348+00:00
BBG0013HGFT4,2,66.5,20,2022-05-12 07:01:21.200910+00:00
BBG0013HGFT4,2,66.5,7,2022-05-12 07:01:21.259471+00:00
BBG0013HGFT4,2,66.5,5,2022-05-12 07:01:21.452589+00:00
BBG0013HGFT4,2,66.5,17,2022-05-12 07:01:21.456446+00:00
BBG0013HGFT4,2,66.5,1000,2022-05-12 07:01:22.059847+00:00
BBG0013HGFT4,2,66.5,50,2022-05-12 07:01:22.060620+00:00
BBG0013HGFT4,2,66.5,41,2022-05-12 07:01:22.529818+00:00
BBG0013HGFT4,2,66.5,50,2022-05-12 07:01:22.603637+00:00
BBG0013HGFT4,2,66.5,50,2022-05-12 07:01:22.620443+00:00
BBG0013HGFT4,2,66.5,50,2022-05-12 07:01:22.633406+00:00
BBG0013HGFT4,2,66.5,10,2022-05-12 07:01:22.636566+00:00
BBG0013HGFT4,2,66.5,25,2022-05-12 07:01:22.641574+00:00
BBG0013HGFT4,2,66.5,50,2022-05-12 07:01:22.648444+00:00
BBG0013HGFT4,2,66.5,50,2022-05-12 07:01:22.735080+00:00
BBG0013HGFT4,2,66.5,57,2022-05-12 07:01:22.780475+00:00
BBG0013HGFT4,2,66.5,1,2022-05-12 07:01:22.780475+00:00
BBG0013HGFT4,2,66.5,2,2022-05-12 07:01:22.780475+00:00
BBG0013HGFT4,2,66.5,1,2022-05-12 07:01:22.780475+00:00
BBG0013HGFT4,2,66.5,1,2022-05-12 07:01:22.780475+00:00
BBG0013HGFT4,2,66.5,1,2022-05-12 07:01:22.780475+00:00
BBG0013HGFT4,2,66.5,5,2022-05-12 07:01:22.780475+00:00
BBG0013HGFT4,2,66.5,1,2022-05-12 07:01:22.780475+00:00
BBG0013HGFT4,2,66.5,2,2022-05-12 07:01:22.780475+00:00
BBG0013HGFT4,2,66.5,1,2022-05-12 07:01:22.780475+00:00
BBG0013HGFT4,2,66.5,1,2022-05-12 07:01:22.780475+00:00
BBG0013HGFT4,2,66.5,1,2022-05-12 07:01:22.780475+00:00
BBG0013HGFT4,2,66.5,1,2022-05-12 07:01:22.780475+00:00
BBG0013HGFT4,2,66.5,1,2022-05-12 07:01:22.780475+00:00
BBG0013HGFT4,2,66.5,1,2022-05-12 07:01:22.780475+00:00
BBG0013HGFT4,2,66.5,1,2022-05-12 07:01:22.780475+00:00
BBG0013HGFT4,2,66.5,1,2022-05-12 07:01:22.780475+00:00
BBG0013HGFT4,2,66.5,6,2022-05-12 07:01:22.780475+00:00
BBG0013HGFT4,2,66.5,1,2022-05-12 07:01:22.780475+00:00
BBG0013HGFT4,2,66.5,1,2022-05-12 07:01:22.780475+00:00
BBG0013HGFT4,2,66.49,6,2022-05-12 07:01:22.780475+00:00
BBG0013HGFT4,2,66.485,1,2022-05-12 07:01:22.780475+00:00
BBG0013HGFT4,2,66.4775,1,2022-05-12 07:01:22.803836+00:00
BBG0013HGFT4,1,66.4525,1,2022-05-12 07:01:23.191747+00:00
BBG0013HGFT4,2,66.45,1,2022-05-12 07:01:23.316947+00:00
BBG0013HGFT4,2,66.45,7,2022-05-12 07:01:23.316947+00:00
BBG0013HGFT4,2,66.45,1,2022-05-12 07:01:23.316947+00:00
BBG0013HGFT4,2,66.4,1,2022-05-12 07:01:23.316947+00:00
BBG0013HGFT4,2,66.4,1,2022-05-12 07:01:23.326336+00:00
BBG0013HGFT4,2,66.4,1,2022-05-12 07:01:23.326336+00:00
BBG0013HGFT4,2,66.38,3,2022-05-12 07:01:23.494325+00:00
BBG0013HGFT4,2,66.38,3,2022-05-12 07:01:23.494325+00:00
BBG0013HGFT4,1,66.3825,50,2022-05-12 07:01:23.607285+00:00
BBG0013HGFT4,1,66.3925,1,2022-05-12 07:01:23.939943+00:00
BBG0013HGFT4,1,66.3925,21,2022-05-12 07:01:24.263537+00:00
BBG0013HGFT4,1,66.415,35,2022-05-12 07:01:24.429903+00:00
BBG0013HGFT4,2,66.395,1,2022-05-12 07:01:25.286006+00:00
BBG0013HGFT4,1,66.455,1,2022-05-12 07:01:25.301850+00:00
BBG0013HGFT4,1,66.455,3,2022-05-12 07:01:25.779657+00:00
BBG0013HGFT4,2,66.38,4,2022-05-12 07:01:26.445785+00:00
BBG0013HGFT4,2,66.375,6,2022-05-12 07:01:26.445785+00:00
BBG0013HGFT4,2,66.375,2,2022-05-12 07:01:27.154026+00:00
BBG0013HGFT4,1,66.445,10,2022-05-12 07:01:27.257095+00:00
BBG0013HGFT4,1,66.445,10,2022-05-12 07:01:27.331070+00:00
BBG0013HGFT4,1,66.445,4,2022-05-12 07:01:27.449565+00:00
BBG0013HGFT4,1,66.445,6,2022-05-12 07:01:27.537074+00:00
BBG0013HGFT4,2,66.375,6,2022-05-12 07:01:27.662654+00:00
BBG0013HGFT4,2,66.375,2,2022-05-12 07:01:27.663862+00:00
BBG0013HGFT4,1,66.3775,2,2022-05-12 07:01:27.781437+00:00
BBG0013HGFT4,1,66.3775,1,2022-05-12 07:01:27.854920+00:00
BBG0013HGFT4,2,66.375,1,2022-05-12 07:01:27.931986+00:00
BBG0013HGFT4,2,66.375,3,2022-05-12 07:01:27.931986+00:00
BBG0013HGFT4,2,66.375,8,2022-05-12 07:01:28.846780+00:00
BBG0013HGFT4,2,66.375,15,2022-05-12 07:01:28.975360+00:00
BBG0013HGFT4,2,66.375,8,2022-05-12 07:01:29.274023+00:00
BBG0013HGFT4,2,66.375,2,2022-05-12 07:01:29.787586+00:00
BBG0013HGFT4,2,66.375,14,2022-05-12 07:01:30.216227+00:00
BBG0013HGFT4,2,66.3725,86,2022-05-12 07:01:30.216227+00:00
BBG0013HGFT4,2,66.3725,100,2022-05-12 07:01:30.810077+00:00
BBG0013HGFT4,2,66.3725,1,2022-05-12 07:01:30.857960+00:00
BBG0013HGFT4,2,66.3725,4,2022-05-12 07:01:30.887159+00:00
BBG0013HGFT4,2,66.3725,36,2022-05-12 07:01:31.167573+00:00
BBG0013HGFT4,1,66.375,2,2022-05-12 07:01:31.501756+00:00
BBG0013HGFT4,2,66.3725,73,2022-05-12 07:01:31.773126+00:00
BBG0013HGFT4,1,66.3625,2,2022-05-12 07:01:31.775390+00:00
BBG0013HGFT4,2,66.35,1,2022-05-12 07:01:32.015203+00:00
BBG0013HGFT4,2,66.35,9,2022-05-12 07:01:32.015203+00:00
BBG0013HGFT4,2,66.35,2,2022-05-12 07:01:32.016790+00:00
BBG0013HGFT4,2,66.35,2,2022-05-12 07:01:32.358764+00:00
BBG0013HGFT4,1,66.365,2,2022-05-12 07:01:32.465165+00:00
BBG0013HGFT4,1,66.375,7,2022-05-12 07:01:32.874062+00:00
BBG0013HGFT4,2,66.3525,1,2022-05-12 07:01:33.000563+00:00
BBG0013HGFT4,2,66.3525,10,2022-05-12 07:01:33.000563+00:00
BBG0013HGFT4,2,66.3525,1,2022-05-12 07:01:33.000563+00:00
BBG0013HGFT4,2,66.35,3,2022-05-12 07:01:33.000563+00:00
BBG0013HGFT4,2,66.3375,5,2022-05-12 07:01:33.000563+00:00
BBG0013HGFT4,2,66.335,20,2022-05-12 07:01:33.000563+00:00
BBG0013HGFT4,2,66.33,100,2022-05-12 07:01:33.000563+00:00
BBG0013HGFT4,2,66.33,3,2022-05-12 07:01:33.707264+00:00
BBG0013HGFT4,2,66.3275,47,2022-05-12 07:01:33.707264+00:00
BBG0013HGFT4,2,66.3125,53,2022-05-12 07:01:34.609059+00:00
BBG0013HGFT4,1,66.33,3,2022-05-12 07:01:35.363739+00:00
BBG0013HGFT4,2,66.3275,1,2022-05-12 07:01:35.383590+00:00
BBG0013HGFT4,2,66.3275,49,2022-05-12 07:01:35.431747+00:00
BBG0013HGFT4,2,66.3225,28,2022-05-12 07:01:35.434237+00:00
BBG0013HGFT4,2,66.31,100,2022-05-12 07:01:35.435005+00:00
BBG0013HGFT4,2,66.31,35,2022-05-12 07:01:35.440456+00:00
BBG0013HGFT4,2,66.305,41,2022-05-12 07:01:35.440456+00:00
BBG0013HGFT4,2,66.3025,24,2022-05-12 07:01:35.440456+00:00
BBG0013HGFT4,2,66.3025,26,2022-05-12 07:01:35.450189+00:00
BBG0013HGFT4,2,66.3,1,2022-05-12 07:01:35.450189+00:00
BBG0013HGFT4,2,66.3,1,2022-05-12 07:01:35.450189+00:00
BBG0013HGFT4,2,66.3,30,2022-05-12 07:01:35.450189+00:00
BBG0013HGFT4,2,66.3,1,2022-05-12 07:01:35.586260+00:00
BBG0013HGFT4,2,66.3,25,2022-05-12 07:01:36.019982+00:00
BBG0013HGFT4,1,66.3025,3,2022-05-12 07:01:36.799478+00:00
BBG0013HGFT4,1,66.3025,50,2022-05-12 07:01:37.063656+00:00
BBG0013HGFT4,2,66.3025,60,2022-05-12 07:01:37.539136+00:00
BBG0013HGFT4,1,66.305,50,2022-05-12 07:01:37.833871+00:00
BBG0013HGFT4,1,66.32,1,2022-05-12 07:01:38.311000+00:00
BBG0013HGFT4,1,66.32,1,2022-05-12 07:01:38.384114+00:00
BBG0013HGFT4,1,66.32,2,2022-05-12 07:01:38.902533+00:00
BBG0013HGFT4,1,66.32,1,2022-05-12 07:01:39.163024+00:00
BBG0013HGFT4,1,66.32,6,2022-05-12 07:01:39.235153+00:00
BBG0013HGFT4,1,66.315,5,2022-05-12 07:01:40.177131+00:00
BBG0013HGFT4,2,66.3125,1,2022-05-12 07:01:40.261208+00:00
BBG0013HGFT4,2,66.305,1,2022-05-12 07:01:40.261208+00:00
BBG0013HGFT4,1,66.32,39,2022-05-12 07:01:40.379951+00:00
BBG0013HGFT4,1,66.32,5,2022-05-12 07:01:40.379951+00:00
BBG0013HGFT4,1,66.3375,1,2022-05-12 07:01:41.670351+00:00
BBG0013HGFT4,1,66.3375,10,2022-05-12 07:01:41.720894+00:00
BBG0013HGFT4,1,66.335,1,2022-05-12 07:01:42.473476+00:00
BBG0013HGFT4,2,66.31,50,2022-05-12 07:01:43.052905+00:00
BBG0013HGFT4,2,66.3075,25,2022-05-12 07:01:43.052905+00:00
BBG0013HGFT4,2,66.305,4,2022-05-12 07:01:43.052905+00:00
BBG0013HGFT4,2,66.3025,11,2022-05-12 07:01:43.052905+00:00
BBG0013HGFT4,2,66.3125,2,2022-05-12 07:01:43.690837+00:00
BBG0013HGFT4,2,66.3125,1,2022-05-12 07:01:43.987395+00:00
BBG0013HGFT4,1,66.3425,1,2022-05-12 07:01:44.696567+00:00
BBG0013HGFT4,2,66.33,1,2022-05-12 07:01:45.286741+00:00
BBG0013HGFT4,2,66.33,1,2022-05-12 07:01:45.286741+00:00
BBG0013HGFT4,1,66.3375,1,2022-05-12 07:01:45.383942+00:00
BBG0013HGFT4,1,66.35,15,2022-05-12 07:01:45.383942+00:00
BBG0013HGFT4,1,66.365,11,2022-05-12 07:01:45.383942+00:00
BBG0013HGFT4,1,66.3675,50,2022-05-12 07:01:45.383942+00:00
BBG0013HGFT4,1,66.3725,50,2022-05-12 07:01:45.383942+00:00
BBG0013HGFT4,1,66.3775,3,2022-05-12 07:01:45.383942+00:00
BBG0013HGFT4,1,66.3925,50,2022-05-12 07:01:45.383942+00:00
BBG0013HGFT4,1,66.395,20,2022-05-12 07:01:45.383942+00:00
BBG0013HGFT4,1,66.3425,1,2022-05-12 07:01:45.703848+00:00
BBG0013HGFT4,2,66.345,4,2022-05-12 07:01:45.704721+00:00
BBG0013HGFT4,2,66.3375,50,2022-05-12 07:01:46.076761+00:00
BBG0013HGFT4,2,66.34,20,2022-05-12 07:01:46.077059+00:00
BBG0013HGFT4,1,66.345,6,2022-05-12 07:01:46.370104+00:00
BBG0013HGFT4,1,66.345,1,2022-05-12 07:01:46.530623+00:00
BBG0013HGFT4,2,66.33,1,2022-05-12 07:01:46.874095+00:00
BBG0013HGFT4,2,66.32,1,2022-05-12 07:01:46.874095+00:00
BBG0013HGFT4,2,66.31,3,2022-05-12 07:01:46.874095+00:00
BBG0013HGFT4,2,66.31,30,2022-05-12 07:01:46.874095+00:00
BBG0013HGFT4,1,66.345,15,2022-05-12 07:01:47.455570+00:00
BBG0013HGFT4,2,66.31,10,2022-05-12 07:01:48.099083+00:00
BBG0013HGFT4,1,66.345,7,2022-05-12 07:01:48.168433+00:00
BBG0013HGFT4,1,66.345,1,2022-05-12 07:01:48.169929+00:00
BBG0013HGFT4,1,66.345,1,2022-05-12 07:01:48.461952+00:00
BBG0013HGFT4,1,66.3475,50,2022-05-12 07:01:50.148778+00:00
BBG0013HGFT4,1,66.3725,8,2022-05-12 07:01:50.148778+00:00
BBG0013HGFT4,2,66.31,2,2022-05-12 07:01:50.764798+00:00
BBG0013HGFT4,1,66.3475,1,2022-05-12 07:01:51.186065+00:00
BBG0013HGFT4,1,66.3475,1,2022-05-12 07:01:51.459144+00:00
BBG0013HGFT4,1,66.345,49,2022-05-12 07:01:51.792117+00:00
BBG0013HGFT4,1,66.345,1,2022-05-12 07:01:51.792502+00:00
BBG0013HGFT4,1,66.39,100,2022-05-12 07:01:51.793155+00:00
BBG0013HGFT4,2,66.3475,1,2022-05-12 07:01:52.423522+00:00
BBG0013HGFT4,1,66.35,15,2022-05-12 07:01:52.654297+00:00
BBG0013HGFT4,2,66.3475,8,2022-05-12 07:01:52.659119+00:00
BBG0013HGFT4,2,66.3475,1,2022-05-12 07:01:53.022746+00:00
BBG0013HGFT4,1,66.35,3,2022-05-12 07:01:53.028554+00:00
BBG0013HGFT4,1,66.35,6,2022-05-12 07:01:53.033325+00:00
BBG0013HGFT4,1,66.35,50,2022-05-12 07:01:53.037313+00:00
BBG0013HGFT4,2,66.3525,50,2022-05-12 07:01:53.038298+00:00
BBG0013HGFT4,1,66.3875,5,2022-05-12 07:01:53.038646+00:00
BBG0013HGFT4,2,66.3525,1,2022-05-12 07:01:53.043612+00:00
BBG0013HGFT4,1,66.3875,1,2022-05-12 07:01:53.048207+00:00
BBG0013HGFT4,2,66.3525,1,2022-05-12 07:01:53.052762+00:00
BBG0013HGFT4,2,66.35,2,2022-05-12 07:01:53.058120+00:00
BBG0013HGFT4,1,66.3875,4,2022-05-12 07:01:53.062923+00:00
BBG0013HGFT4,2,66.35,16,2022-05-12 07:01:53.931031+00:00
BBG0013HGFT4,2,66.35,2,2022-05-12 07:01:54.089291+00:00
BBG0013HGFT4,1,66.3525,3,2022-05-12 07:01:54.155262+00:00
BBG0013HGFT4,2,66.3525,50,2022-05-12 07:01:54.156569+00:00
BBG0013HGFT4,2,66.3525,50,2022-05-12 07:01:54.158317+00:00
BBG0013HGFT4,2,66.3525,5,2022-05-12 07:01:54.929573+00:00
BBG0013HGFT4,2,66.3475,5,2022-05-12 07:01:54.929573+00:00
BBG0013HGFT4,1,66.35,5,2022-05-12 07:01:55.173044+00:00
BBG0013HGFT4,2,66.3475,34,2022-05-12 07:01:55.907035+00:00
BBG0013HGFT4,1,66.3375,3,2022-05-12 07:01:56.116958+00:00
BBG0013HGFT4,1,66.3375,13,2022-05-12 07:01:56.325068+00:00
BBG0013HGFT4,1,66.3375,50,2022-05-12 07:01:56.325068+00:00
BBG0013HGFT4,1,66.365,25,2022-05-12 07:01:56.721876+00:00
BBG0013HGFT4,1,66.3675,25,2022-05-12 07:01:56.721876+00:00
BBG0013HGFT4,1,66.345,49,2022-05-12 07:01:56.929454+00:00
BBG0013HGFT4,2,66.3425,50,2022-05-12 07:01:56.931105+00:00
BBG0013HGFT4,1,66.395,50,2022-05-12 07:01:57.391934+00:00
BBG0013HGFT4,1,66.3975,50,2022-05-12 07:01:57.392307+00:00
BBG0013HGFT4,1,66.4,1,2022-05-12 07:01:57.392307+00:00
BBG0013HGFT4,1,66.4,9,2022-05-12 07:01:57.392307+00:00
BBG0013HGFT4,1,66.4175,20,2022-05-12 07:01:57.392307+00:00
BBG0013HGFT4,1,66.425,20,2022-05-12 07:01:57.392307+00:00
BBG0013HGFT4,1,66.425,30,2022-05-12 07:01:57.393351+00:00
BBG0013HGFT4,1,66.455,1,2022-05-12 07:01:57.393351+00:00
BBG0013HGFT4,1,66.455,50,2022-05-12 07:01:57.393351+00:00
BBG0013HGFT4,1,66.4575,19,2022-05-12 07:01:57.393351+00:00
BBG0013HGFT4,2,66.3975,3,2022-05-12 07:01:57.606314+00:00
BBG0013HGFT4,1,66.4,1,2022-05-12 07:01:58.370144+00:00
BBG0013HGFT4,1,66.4,50,2022-05-12 07:01:58.501407+00:00
BBG0013HGFT4,2,66.3975,33,2022-05-12 07:01:58.757762+00:00
BBG0013HGFT4,1,66.4,6,2022-05-12 07:01:58.975927+00:00
BBG0013HGFT4,1,66.4,1,2022-05-12 07:01:59.687005+00:00
BBG0013HGFT4,1,66.4,42,2022-05-12 07:02:00.681826+00:00
BBG0013HGFT4,1,66.4,50,2022-05-12 07:02:00.793707+00:00
BBG0013HGFT4,1,66.4025,46,2022-05-12 07:02:00.795951+00:00
BBG0013HGFT4,1,66.4025,4,2022-05-12 07:02:00.796610+00:00
BBG0013HGFT4,1,66.4325,20,2022-05-12 07:02:00.948282+00:00
BBG0013HGFT4,2,66.435,50,2022-05-12 07:02:00.948858+00:00
BBG0013HGFT4,1,66.465,2,2022-05-12 07:02:01.406744+00:00
BBG0013HGFT4,2,66.435,2,2022-05-12 07:02:02.027401+00:00
BBG0013HGFT4,1,66.4375,1,2022-05-12 07:02:03.261058+00:00
BBG0013HGFT4,2,66.4225,2,2022-05-12 07:02:03.903646+00:00
BBG0013HGFT4,2,66.4225,1,2022-05-12 07:02:04.829482+00:00
BBG0013HGFT4,1,66.4275,50,2022-05-12 07:02:06.066826+00:00
BBG0013HGFT4,2,66.43,2,2022-05-12 07:02:06.183240+00:00
BBG0013HGFT4,2,66.43,1,2022-05-12 07:02:06.553541+00:00
BBG0013HGFT4,2,66.4325,50,2022-05-12 07:02:06.713434+00:00
BBG0013HGFT4,1,66.44,2,2022-05-12 07:02:07.410700+00:00
BBG0013HGFT4,1,66.435,50,2022-05-12 07:02:07.796691+00:00
BBG0013HGFT4,1,66.44,10,2022-05-12 07:02:08.317056+00:00
BBG0013HGFT4,2,66.4325,50,2022-05-12 07:02:08.510123+00:00
BBG0013HGFT4,1,66.4375,2,2022-05-12 07:02:09.096105+00:00
BBG0013HGFT4,1,66.44,50,2022-05-12 07:02:09.364720+00:00
BBG0013HGFT4,1,66.46,1,2022-05-12 07:02:11.727731+00:00
BBG0013HGFT4,2,66.4375,15,2022-05-12 07:02:12.512384+00:00
BBG0013HGFT4,2,66.4325,17,2022-05-12 07:02:12.512384+00:00
BBG0013HGFT4,2,66.4325,50,2022-05-12 07:02:12.512384+00:00
BBG0013HGFT4,2,66.43,98,2022-05-12 07:02:12.512384+00:00
BBG0013HGFT4,2,66.4325,4,2022-05-12 07:02:12.586173+00:00
BBG0013HGFT4,2,66.4325,11,2022-05-12 07:02:14.190224+00:00
BBG0013HGFT4,1,66.46,3,2022-05-12 07:02:14.368598+00:00
BBG0013HGFT4,1,66.45,50,2022-05-12 07:02:15.682150+00:00
BBG0013HGFT4,2,66.45,9,2022-05-12 07:02:16.312866+00:00
BBG0013HGFT4,2,66.4375,6,2022-05-12 07:02:16.312866+00:00
BBG0013HGFT4,2,66.4325,19,2022-05-12 07:02:16.312866+00:00
BBG0013HGFT4,2,66.43,16,2022-05-12 07:02:16.312866+00:00
BBG0013HGFT4,2,66.4325,50,2022-05-12 07:02:16.413545+00:00
BBG0013HGFT4,2,66.43,6,2022-05-12 07:02:16.413545+00:00
BBG0013HGFT4,2,66.4325,50,2022-05-12 07:02:16.414402+00:00
BBG0013HGFT4,2,66.43,12,2022-05-12 07:02:16.414402+00:00
BBG0013HGFT4,2,66.43,51,2022-05-12 07:02:16.415135+00:00
BBG0013HGFT4,2,66.43,79,2022-05-12 07:02:16.418312+00:00
BBG0013HGFT4,2,66.43,104,2022-05-12 07:02:16.418898+00:00
BBG0013HGFT4,2,66.43,77,2022-05-12 07:02:16.419348+00:00
BBG0013HGFT4,1,66.4325,50,2022-05-12 07:02:16.519727+00:00
BBG0013HGFT4,1,66.46,11,2022-05-12 07:02:16.519727+00:00
BBG0013HGFT4,1,66.4325,23,2022-05-12 07:02:18.589886+00:00
BBG0013HGFT4,1,66.4325,3,2022-05-12 07:02:19.212743+00:00
BBG0013HGFT4,1,66.4325,6,2022-05-12 07:02:19.233689+00:00
BBG0013HGFT4,1,66.4325,2,2022-05-12 07:02:19.534983+00:00
BBG0013HGFT4,1,66.4325,2,2022-05-12 07:02:19.605002+00:00
BBG0013HGFT4,1,66.4325,35,2022-05-12 07:02:19.964032+00:00
BBG0013HGFT4,1,66.4425,10,2022-05-12 07:02:20.060860+00:00
BBG0013HGFT4,1,66.4425,1,2022-05-12 07:02:20.559656+00:00
BBG0013HGFT4,2,66.43,4,2022-05-12 07:02:20.966985+00:00
BBG0013HGFT4,2,66.4225,2,2022-05-12 07:02:20.966985+00:00
BBG0013HGFT4,2,66.42,3,2022-05-12 07:02:20.966985+00:00
BBG0013HGFT4,2,66.4025,50,2022-05-12 07:02:20.966985+00:00
BBG0013HGFT4,2,66.4,3,2022-05-12 07:02:20.966985+00:00
BBG0013HGFT4,2,66.4,1,2022-05-12 07:02:20.966985+00:00
BBG0013HGFT4,2,66.4,1,2022-05-12 07:02:20.966985+00:00
BBG0013HGFT4,2,66.4,1,2022-05-12 07:02:20.966985+00:00
BBG0013HGFT4,2,66.4,1,2022-05-12 07:02:20.966985+00:00
BBG0013HGFT4,2,66.3975,14,2022-05-12 07:02:20.966985+00:00
BBG0013HGFT4,2,66.3975,1,2022-05-12 07:02:20.966985+00:00
BBG0013HGFT4,1,66.425,2,2022-05-12 07:02:21.388029+00:00
BBG0013HGFT4,1,66.425,1,2022-05-12 07:02:21.839694+00:00
BBG0013HGFT4,1,66.425,2,2022-05-12 07:02:22.882256+00:00
BBG0013HGFT4,1,66.425,2,2022-05-12 07:02:22.884114+00:00
BBG0013HGFT4,1,66.425,16,2022-05-12 07:02:22.886015+00:00
BBG0013HGFT4,2,66.4,1,2022-05-12 07:02:23.969683+00:00
BBG0013HGFT4,1,66.425,3,2022-05-12 07:02:23.978225+00:00
BBG0013HGFT4,2,66.37,50,2022-05-12 07:02:24.564923+00:00
BBG0013HGFT4,2,66.3675,50,2022-05-12 07:02:24.564923+00:00
BBG0013HGFT4,2,66.3575,100,2022-05-12 07:02:24.564923+00:00
BBG0013HGFT4,2,66.355,3,2022-05-12 07:02:24.564923+00:00
BBG0013HGFT4,2,66.35,20,2022-05-12 07:02:24.564923+00:00
BBG0013HGFT4,2,66.3475,1,2022-05-12 07:02:24.564923+00:00
BBG0013HGFT4,2,66.345,50,2022-05-12 07:02:24.564923+00:00
BBG0013HGFT4,2,66.3425,26,2022-05-12 07:02:24.564923+00:00
BBG0013HGFT4,1,66.395,3,2022-05-12 07:02:24.988479+00:00
BBG0013HGFT4,1,66.395,5,2022-05-12 07:02:26.025644+00:00
BBG0013HGFT4,1,66.395,10,2022-05-12 07:02:26.106152+00:00
BBG0013HGFT4,1,66.395,32,2022-05-12 07:02:26.472966+00:00
BBG0013HGFT4,1,66.4,6,2022-05-12 07:02:26.472966+00:00
BBG0013HGFT4,1,66.455,1,2022-05-12 07:02:26.508393+00:00
BBG0013HGFT4,2,66.3725,4,2022-05-12 07:02:26.539893+00:00
BBG0013HGFT4,1,66.4425,34,2022-05-12 07:02:26.594071+00:00
BBG0013HGFT4,1,66.4425,4,2022-05-12 07:02:27.186495+00:00
BBG0013HGFT4,1,66.4425,1,2022-05-12 07:02:27.188402+00:00
BBG0013HGFT4,1,66.4425,3,2022-05-12 07:02:27.189822+00:00
BBG0013HGFT4,1,66.4425,2,2022-05-12 07:02:27.191026+00:00
BBG0013HGFT4,1,66.4425,6,2022-05-12 07:02:27.430778+00:00
BBG0013HGFT4,1,66.46,2,2022-05-12 07:02:27.870705+00:00
BBG0013HGFT4,1,66.46,1,2022-05-12 07:02:28.044558+00:00
BBG0013HGFT4,1,66.46,1,2022-05-12 07:02:28.291542+00:00
BBG0013HGFT4,1,66.475,8,2022-05-12 07:02:29.402312+00:00
BBG0013HGFT4,2,66.4425,4,2022-05-12 07:02:29.619135+00:00
BBG0013HGFT4,2,66.4025,9,2022-05-12 07:02:29.619135+00:00
BBG0013HGFT4,1,66.45,1,2022-05-12 07:02:30.501830+00:00
BBG0013HGFT4,1,66.45,1,2022-05-12 07:02:30.503341+00:00
BBG0013HGFT4,2,66.43,1,2022-05-12 07:02:30.909775+00:00
BBG0013HGFT4,2,66.4025,1,2022-05-12 07:02:30.909775+00:00
BBG0013HGFT4,1,66.45,4,2022-05-12 07:02:31.285085+00:00
BBG0013HGFT4,1,66.45,1,2022-05-12 07:02:31.593826+00:00
BBG0013HGFT4,1,66.4375,1,2022-05-12 07:02:32.189933+00:00
BBG0013HGFT4,1,66.4375,5,2022-05-12 07:02:32.696318+00:00
BBG0013HGFT4,1,66.4375,4,2022-05-12 07:02:32.716375+00:00
BBG0013HGFT4,1,66.4375,4,2022-05-12 07:02:33.781341+00:00
BBG0013HGFT4,1,66.45,22,2022-05-12 07:02:34.880734+00:00
BBG0013HGFT4,1,66.45,5,2022-05-12 07:02:34.882724+00:00
BBG0013HGFT4,1,66.45,1,2022-05-12 07:02:35.979375+00:00
BBG0013HGFT4,1,66.45,1,2022-05-12 07:02:37.096955+00:00
BBG0013HGFT4,1,66.45,1,2022-05-12 07:02:38.196751+00:00
BBG0013HGFT4,1,66.45,1,2022-05-12 07:02:38.198809+00:00
BBG0013HGFT4,2,66.44,60,2022-05-12 07:02:38.748672+00:00
BBG0013HGFT4,1,66.45,2,2022-05-12 07:02:39.296644+00:00
BBG0013HGFT4,1,66.45,2,2022-05-12 07:02:39.298837+00:00
BBG0013HGFT4,1,66.46,11,2022-05-12 07:02:39.877340+00:00
BBG0013HGFT4,1,66.4525,1,2022-05-12 07:02:40.623458+00:00
BBG0013HGFT4,1,66.455,1,2022-05-12 07:02:41.532122+00:00
BBG0013HGFT4,2,66.4375,1,2022-05-12 07:02:42.636565+00:00
BBG0013HGFT4,2,66.4025,2,2022-05-12 07:02:44.113652+00:00
BBG0013HGFT4,2,66.4425,2,2022-05-12 07:02:44.469100+00:00
BBG0013HGFT4,1,66.4575,50,2022-05-12 07:02:44.514557+00:00
BBG0013HGFT4,1,66.4575,2,2022-05-12 07:02:44.514557+00:00
BBG0013HGFT4,1,66.475,2,2022-05-12 07:02:44.762354+00:00
BBG0013HGFT4,1,66.4775,48,2022-05-12 07:02:44.762354+00:00
BBG0013HGFT4,1,66.4775,59,2022-05-12 07:02:44.763558+00:00
BBG0013HGFT4,2,66.4775,41,2022-05-12 07:02:44.763701+00:00
BBG0013HGFT4,2,66.415,26,2022-05-12 07:02:44.767740+00:00
BBG0013HGFT4,2,66.43,3,2022-05-12 07:02:46.177056+00:00
BBG0013HGFT4,2,66.45,1,2022-05-12 07:02:47.044532+00:00
BBG0013HGFT4,1,66.4525,50,2022-05-12 07:02:47.650655+00:00
BBG0013HGFT4,1,66.4525,1,2022-05-12 07:02:48.153513+00:00
BBG0013HGFT4,1,66.4825,9,2022-05-12 07:02:48.153513+00:00
BBG0013HGFT4,1,66.465,2,2022-05-12 07:02:49.864761+00:00
BBG0013HGFT4,1,66.465,5,2022-05-12 07:02:50.247324+00:00
BBG0013HGFT4,2,66.46,2,2022-05-12 07:02:50.539358+00:00
BBG0013HGFT4,2,66.46,1,2022-05-12 07:02:50.732683+00:00
BBG0013HGFT4,2,66.46,6,2022-05-12 07:02:50.815352+00:00
BBG0013HGFT4,2,66.46,1,2022-05-12 07:02:51.203270+00:00
BBG0013HGFT4,2,66.46,1,2022-05-12 07:02:51.429516+00:00
BBG0013HGFT4,1,66.465,1,2022-05-12 07:02:51.539033+00:00
BBG0013HGFT4,2,66.46,2,2022-05-12 07:02:51.770748+00:00
BBG0013HGFT4,1,66.4675,50,2022-05-12 07:02:51.954524+00:00
BBG0013HGFT4,1,66.4775,2,2022-05-12 07:02:52.220096+00:00
BBG0013HGFT4,1,66.4775,1,2022-05-12 07:02:53.143394+00:00
BBG0013HGFT4,1,66.5,1,2022-05-12 07:02:53.143394+00:00
BBG0013HGFT4,1,66.5,19,2022-05-12 07:02:53.143394+00:00
BBG0013HGFT4,1,66.5,3,2022-05-12 07:02:53.143394+00:00
BBG0013HGFT4,1,66.5,5,2022-05-12 07:02:53.143394+00:00
BBG0013HGFT4,1,66.5025,1,2022-05-12 07:02:53.237283+00:00
BBG0013HGFT4,1,66.5025,1,2022-05-12 07:02:53.237283+00:00
BBG0013HGFT4,1,66.505,25,2022-05-12 07:02:54.534281+00:00
BBG0013HGFT4,1,66.505,40,2022-05-12 07:02:54.542062+00:00
BBG0013HGFT4,1,66.5175,1,2022-05-12 07:02:55.378623+00:00
BBG0013HGFT4,1,66.5175,1,2022-05-12 07:02:55.623719+00:00
BBG0013HGFT4,1,66.5175,21,2022-05-12 07:02:56.445699+00:00
BBG0013HGFT4,1,66.5175,1,2022-05-12 07:02:56.668758+00:00
BBG0013HGFT4,1,66.51,50,2022-05-12 07:02:57.079164+00:00
BBG0013HGFT4,1,66.5225,1,2022-05-12 07:02:57.125484+00:00
BBG0013HGFT4,2,66.505,1,2022-05-12 07:02:58.800547+00:00
BBG0013HGFT4,2,66.505,1,2022-05-12 07:02:59.138209+00:00
BBG0013HGFT4,2,66.5,9,2022-05-12 07:02:59.138209+00:00
BBG0013HGFT4,2,66.5,1,2022-05-12 07:02:59.173782+00:00
BBG0013HGFT4,2,66.495,2,2022-05-12 07:02:59.173782+00:00
BBG0013HGFT4,1,66.5375,50,2022-05-12 07:03:02.501196+00:00
BBG0013HGFT4,2,66.55,50,2022-05-12 07:03:03.311830+00:00
BBG0013HGFT4,2,66.53,5,2022-05-12 07:03:03.311830+00:00
BBG0013HGFT4,2,66.505,45,2022-05-12 07:03:03.311830+00:00
BBG0013HGFT4,1,66.55,4,2022-05-12 07:03:04.037731+00:00
BBG0013HGFT4,1,66.55,1,2022-05-12 07:03:04.039730+00:00
BBG0013HGFT4,1,66.55,2,2022-05-12 07:03:04.040981+00:00
BBG0013HGFT4,1,66.55,1,2022-05-12 07:03:05.165779+00:00
BBG0013HGFT4,1,66.55,2,2022-05-12 07:03:05.171964+00:00
BBG0013HGFT4,1,66.5775,5,2022-05-12 07:03:07.698740+00:00
BBG0013HGFT4,1,66.5775,50,2022-05-12 07:03:08.038230+00:00
BBG0013HGFT4,1,66.5825,10,2022-05-12 07:03:08.375959+00:00
BBG0013HGFT4,2,66.58,1,2022-05-12 07:03:08.485950+00:00
BBG0013HGFT4,2,66.58,10,2022-05-12 07:03:08.770047+00:00
BBG0013HGFT4,1,66.5825,1,2022-05-12 07:03:09.394139+00:00
BBG0013HGFT4,1,66.5825,39,2022-05-12 07:03:09.851490+00:00
BBG0013HGFT4,1,66.5825,1,2022-05-12 07:03:09.851490+00:00
BBG0013HGFT4,2,66.59,7,2022-05-12 07:03:09.852510+00:00
BBG0013HGFT4,2,66.565,7,2022-05-12 07:03:10.116913+00:00
BBG0013HGFT4,1,66.62,18,2022-05-12 07:03:10.172667+00:00
BBG0013HGFT4,1,66.6275,2,2022-05-12 07:03:11.677734+00:00
BBG0013HGFT4,1,66.63,1,2022-05-12 07:03:11.679491+00:00
BBG0013HGFT4,2,66.5775,48,2022-05-12 07:03:11.914087+00:00
BBG0013HGFT4,2,66.5625,36,2022-05-12 07:03:12.023123+00:00
BBG0013HGFT4,2,66.5625,15,2022-05-12 07:03:12.023123+00:00
BBG0013HGFT4,1,66.6025,2,2022-05-12 07:03:12.685325+00:00
BBG0013HGFT4,1,66.6025,1,2022-05-12 07:03:12.687621+00:00
BBG0013HGFT4,1,66.6025,2,2022-05-12 07:03:12.689033+00:00
BBG0013HGFT4,1,66.6025,3,2022-05-12 07:03:13.015171+00:00
BBG0013HGFT4,1,66.6025,7,2022-05-12 07:03:13.142428+00:00
BBG0013HGFT4,1,66.6025,8,2022-05-12 07:03:13.851789+00:00
BBG0013HGFT4,1,66.6025,2,2022-05-12 07:03:13.853414+00:00
BBG0013HGFT4,1,66.6025,5,2022-05-12 07:03:15.021155+00:00
BBG0013HGFT4,1,66.6025,4,2022-05-12 07:03:16.643851+00:00
BBG0013HGFT4,1,66.6025,16,2022-05-12 07:03:16.957833+00:00
BBG0013HGFT4,1,66.6075,4,2022-05-12 07:03:16.957833+00:00
BBG0013HGFT4,1,66.6075,12,2022-05-12 07:03:16.959543+00:00
BBG0013HGFT4,1,66.6075,2,2022-05-12 07:03:16.960774+00:00
BBG0013HGFT4,2,66.56,4,2022-05-12 07:03:17.436338+00:00
BBG0013HGFT4,1,66.615,2,2022-05-12 07:03:18.315227+00:00
BBG0013HGFT4,1,66.615,1,2022-05-12 07:03:18.317429+00:00
BBG0013HGFT4,2,66.6,1,2022-05-12 07:03:18.425760+00:00
BBG0013HGFT4,2,66.58,20,2022-05-12 07:03:18.674492+00:00
BBG0013HGFT4,1,66.5925,10,2022-05-12 07:03:22.219434+00:00
BBG0013HGFT4,1,66.595,14,2022-05-12 07:03:22.503690+00:00
BBG0013HGFT4,1,66.595,1,2022-05-12 07:03:22.761096+00:00
BBG0013HGFT4,2,66.56,1,2022-05-12 07:03:24.123873+00:00
BBG0013HGFT4,2,66.5625,1,2022-05-12 07:03:25.281138+00:00
BBG0013HGFT4,2,66.56,1,2022-05-12 07:03:25.281138+00:00
BBG0013HGFT4,1,66.6,1,2022-05-12 07:03:28.152723+00:00
BBG0013HGFT4,1,66.6,1,2022-05-12 07:03:28.374869+00:00
BBG0013HGFT4,1,66.6575,1,2022-05-12 07:03:28.631764+00:00
BBG0013HGFT4,2,66.5725,3,2022-05-12 07:03:29.895653+00:00
BBG0013HGFT4,2,66.5725,7,2022-05-12 07:03:31.358651+00:00
BBG0013HGFT4,1,66.6625,106,2022-05-12 07:03:31.477308+00:00
BBG0013HGFT4,1,66.665,11,2022-05-12 07:03:31.477308+00:00
BBG0013HGFT4,2,66.58,13,2022-05-12 07:03:31.479884+00:00
BBG0013HGFT4,1,66.6525,1,2022-05-12 07:03:32.723543+00:00
BBG0013HGFT4,1,66.665,1,2022-05-12 07:03:33.213224+00:00
BBG0013HGFT4,2,66.6075,50,2022-05-12 07:03:34.285498+00:00
BBG0013HGFT4,1,66.6525,1,2022-05-12 07:03:36.307271+00:00
BBG0013HGFT4,1,66.6625,1,2022-05-12 07:03:36.355992+00:00
BBG0013HGFT4,1,66.6625,1,2022-05-12 07:03:39.534770+00:00
BBG0013HGFT4,1,66.705,1,2022-05-12 07:03:39.534770+00:00
BBG0013HGFT4,1,66.6975,8,2022-05-12 07:03:40.034875+00:00
BBG0013HGFT4,2,66.655,20,2022-05-12 07:03:40.667160+00:00
BBG0013HGFT4,2,66.65,20,2022-05-12 07:03:40.826321+00:00
BBG0013HGFT4,2,66.68,200,2022-05-12 07:03:41.038598+00:00
BBG0013HGFT4,2,66.68,50,2022-05-12 07:03:41.038987+00:00
BBG0013HGFT4,2,66.68,7,2022-05-12 07:03:41.039979+00:00
BBG0013HGFT4,2,66.68,43,2022-05-12 07:03:41.041827+00:00
BBG0013HGFT4,2,66.6225,7,2022-05-12 07:03:41.044067+00:00
BBG0013HGFT4,2,66.65,20,2022-05-12 07:03:41.047994+00:00
BBG0013HGFT4,2,66.62,10,2022-05-12 07:03:41.050074+00:00
BBG0013HGFT4,2,66.6,4,2022-05-12 07:03:41.056068+00:00
BBG0013HGFT4,2,66.57,6,2022-05-12 07:03:41.059887+00:00
BBG0013HGFT4,2,66.56,2,2022-05-12 07:03:41.063282+00:00
BBG0013HGFT4,2,66.56,8,2022-05-12 07:03:41.063282+00:00
BBG0013HGFT4,2,66.55,1,2022-05-12 07:03:41.065143+00:00
BBG0013HGFT4,2,66.55,1,2022-05-12 07:03:41.065143+00:00
BBG0013HGFT4,2,66.55,48,2022-05-12 07:03:41.065143+00:00
BBG0013HGFT4,1,66.57,7,2022-05-12 07:03:41.065733+00:00
BBG0013HGFT4,1,66.57,29,2022-05-12 07:03:41.566178+00:00
BBG0013HGFT4,2,66.5575,6,2022-05-12 07:03:41.883128+00:00
BBG0013HGFT4,2,66.5525,20,2022-05-12 07:03:41.883128+00:00
BBG0013HGFT4,2,66.55,52,2022-05-12 07:03:41.883128+00:00
BBG0013HGFT4,2,66.55,5,2022-05-12 07:03:41.883128+00:00
BBG0013HGFT4,2,66.5325,1,2022-05-12 07:03:41.883128+00:00
BBG0013HGFT4,2,66.5075,8,2022-05-12 07:03:41.883128+00:00
BBG0013HGFT4,1,66.57,2,2022-05-12 07:03:42.210118+00:00
BBG0013HGFT4,1,66.57,12,2022-05-12 07:03:42.435679+00:00
BBG0013HGFT4,1,66.595,50,2022-05-12 07:03:42.435679+00:00
BBG0013HGFT4,1,66.6,8,2022-05-12 07:03:42.435679+00:00
BBG0013HGFT4,1,66.6025,1,2022-05-12 07:03:42.719954+00:00
BBG0013HGFT4,2,66.55,20,2022-05-12 07:03:43.000421+00:00
BBG0013HGFT4,1,66.5475,10,2022-05-12 07:03:43.399793+00:00
BBG0013HGFT4,1,66.6,40,2022-05-12 07:03:43.399793+00:00
BBG0013HGFT4,1,66.6,2,2022-05-12 07:03:43.401963+00:00
BBG0013HGFT4,1,66.6025,34,2022-05-12 07:03:43.714019+00:00
BBG0013HGFT4,1,66.61,6,2022-05-12 07:03:43.714019+00:00
BBG0013HGFT4,1,66.61,1,2022-05-12 07:03:44.693594+00:00
BBG0013HGFT4,2,66.555,2,2022-05-12 07:03:45.826716+00:00
BBG0013HGFT4,2,66.555,2,2022-05-12 07:03:47.722367+00:00
BBG0013HGFT4,1,66.61,43,2022-05-12 07:03:49.311086+00:00
BBG0013HGFT4,1,66.655,8,2022-05-12 07:03:49.311086+00:00
BBG0013HGFT4,2,66.6125,11,2022-05-12 07:03:51.404643+00:00
BBG0013HGFT4,2,66.61,2,2022-05-12 07:03:52.359994+00:00
BBG0013HGFT4,1,66.6625,1,2022-05-12 07:03:56.560139+00:00
BBG0013HGFT4,2,66.61,1,2022-05-12 07:03:58.284734+00:00
BBG0013HGFT4,2,66.61,1,2022-05-12 07:03:58.284734+00:00
BBG0013HGFT4,1,66.6475,50,2022-05-12 07:03:59.601807+00:00
BBG0013HGFT4,1,66.65,1,2022-05-12 07:03:59.601807+00:00
BBG0013HGFT4,1,66.6575,1,2022-05-12 07:03:59.601807+00:00
BBG0013HGFT4,2,66.6,1,2022-05-12 07:04:00.547109+00:00
BBG0013HGFT4,1,66.65,1,2022-05-12 07:04:01.272224+00:00
BBG0013HGFT4,1,66.65,1,2022-05-12 07:04:01.954155+00:00
BBG0013HGFT4,1,66.6575,1,2022-05-12 07:04:03.145556+00:00
BBG0013HGFT4,1,66.6575,2,2022-05-12 07:04:03.392013+00:00
BBG0013HGFT4,2,66.66,1,2022-05-12 07:04:05.153050+00:00
BBG0013HGFT4,2,66.6425,1,2022-05-12 07:04:05.153050+00:00
BBG0013HGFT4,1,66.6875,1,2022-05-12 07:04:05.548037+00:00
BBG0013HGFT4,2,66.64,50,2022-05-12 07:04:06.579473+00:00
BBG0013HGFT4,1,66.685,10,2022-05-12 07:04:08.388611+00:00
BBG0013HGFT4,1,66.6875,10,2022-05-12 07:04:08.388611+00:00
BBG0013HGFT4,1,66.6875,3,2022-05-12 07:04:09.944550+00:00
BBG0013HGFT4,1,66.6875,13,2022-05-12 07:04:10.785048+00:00
BBG0013HGFT4,1,66.6875,12,2022-05-12 07:04:11.431617+00:00
BBG0013HGFT4,2,66.68,16,2022-05-12 07:04:12.409976+00:00
BBG0013HGFT4,1,66.6875,10,2022-05-12 07:04:12.437937+00:00
BBG0013HGFT4,1,66.6875,1,2022-05-12 07:04:12.439382+00:00
BBG0013HGFT4,1,66.7,1,2022-05-12 07:04:15.030084+00:00
BBG0013HGFT4,1,66.7,1,2022-05-12 07:04:15.030084+00:00
BBG0013HGFT4,1,66.7125,7,2022-05-12 07:04:15.030084+00:00
BBG0013HGFT4,1,66.7175,41,2022-05-12 07:04:15.030084+00:00
BBG0013HGFT4,1,66.7075,7,2022-05-12 07:04:16.278972+00:00
BBG0013HGFT4,1,66.7075,22,2022-05-12 07:04:16.279408+00:00
BBG0013HGFT4,1,66.715,7,2022-05-12 07:04:16.384824+00:00
BBG0013HGFT4,1,66.715,15,2022-05-12 07:04:16.986946+00:00
BBG0013HGFT4,1,66.715,7,2022-05-12 07:04:17.256088+00:00
BBG0013HGFT4,1,66.7125,7,2022-05-12 07:04:18.240523+00:00
BBG0013HGFT4,1,66.715,14,2022-05-12 07:04:18.406806+00:00
BBG0013HGFT4,1,66.715,4,2022-05-12 07:04:18.924656+00:00
BBG0013HGFT4,1,66.71,50,2022-05-12 07:04:19.538599+00:00
BBG0013HGFT4,1,66.7275,1,2022-05-12 07:04:19.844076+00:00
BBG0013HGFT4,1,66.7275,2,2022-05-12 07:04:20.707122+00:00
BBG0013HGFT4,1,66.7275,4,2022-05-12 07:04:20.932291+00:00
BBG0013HGFT4,1,66.7275,1,2022-05-12 07:04:20.933752+00:00
BBG0013HGFT4,1,66.7275,1,2022-05-12 07:04:22.018847+00:00
BBG0013HGFT4,1,66.7275,1,2022-05-12 07:04:22.634646+00:00
BBG0013HGFT4,1,66.75,1,2022-05-12 07:04:23.095389+00:00
BBG0013HGFT4,1,66.75,3,2022-05-12 07:04:23.096962+00:00
BBG0013HGFT4,1,66.75,1,2022-05-12 07:04:23.096962+00:00
BBG0013HGFT4,1,66.75,1,2022-05-12 07:04:24.206008+00:00
BBG0013HGFT4,1,66.75,17,2022-05-12 07:04:24.321551+00:00
BBG0013HGFT4,1,66.75,1,2022-05-12 07:04:25.303397+00:00
BBG0013HGFT4,1,66.75,5,2022-05-12 07:04:26.126590+00:00
BBG0013HGFT4,1,66.75,2,2022-05-12 07:04:26.126590+00:00
BBG0013HGFT4,1,66.8,1,2022-05-12 07:04:26.602463+00:00
BBG0013HGFT4,1,66.8,1,2022-05-12 07:04:26.632885+00:00
BBG0013HGFT4,1,66.8,2,2022-05-12 07:04:26.634652+00:00
BBG0013HGFT4,1,66.8,1,2022-05-12 07:04:26.635921+00:00
BBG0013HGFT4,1,66.825,12,2022-05-12 07:04:26.854107+00:00
BBG0013HGFT4,2,66.8375,35,2022-05-12 07:04:26.854655+00:00
BBG0013HGFT4,1,66.84,5,2022-05-12 07:04:26.857715+00:00
BBG0013HGFT4,1,66.84,1,2022-05-12 07:04:28.930420+00:00
BBG0013HGFT4,2,66.8375,1,2022-05-12 07:04:29.892256+00:00
BBG0013HGFT4,2,66.8375,2,2022-05-12 07:04:32.055506+00:00
BBG0013HGFT4,2,66.755,1,2022-05-12 07:04:33.342691+00:00
BBG0013HGFT4,1,66.8275,2,2022-05-12 07:04:34.382859+00:00
BBG0013HGFT4,1,66.83,12,2022-05-12 07:04:35.011163+00:00
BBG0013HGFT4,1,66.83,1,2022-05-12 07:04:35.209488+00:00
BBG0013HGFT4,1,66.83,5,2022-05-12 07:04:35.481842+00:00
BBG0013HGFT4,1,66.83,26,2022-05-12 07:04:35.597862+00:00
BBG0013HGFT4,1,66.825,5,2022-05-12 07:04:36.906338+00:00
BBG0013HGFT4,1,66.83,56,2022-05-12 07:04:36.906338+00:00
BBG0013HGFT4,1,66.83,3,2022-05-12 07:04:36.906338+00:00
BBG0013HGFT4,1,66.83,5,2022-05-12 07:04:37.301102+00:00
BBG0013HGFT4,2,66.77,50,2022-05-12 07:04:39.500394+00:00
BBG0013HGFT4,2,66.765,42,2022-05-12 07:04:39.500394+00:00
BBG0013HGFT4,2,66.755,9,2022-05-12 07:04:40.904779+00:00
BBG0013HGFT4,2,66.745,91,2022-05-12 07:04:40.904779+00:00
BBG0013HGFT4,1,66.8,3,2022-05-12 07:04:41.367923+00:00
BBG0013HGFT4,1,66.8,1,2022-05-12 07:04:41.479349+00:00
BBG0013HGFT4,2,66.7425,5,2022-05-12 07:04:42.642165+00:00
BBG0013HGFT4,1,66.7925,1,2022-05-12 07:04:42.890400+00:00
BBG0013HGFT4,1,66.7925,50,2022-05-12 07:04:43.795656+00:00
BBG0013HGFT4,1,66.7925,51,2022-05-12 07:04:43.796432+00:00
BBG0013HGFT4,1,66.795,49,2022-05-12 07:04:43.796432+00:00
BBG0013HGFT4,1,66.795,1,2022-05-12 07:04:44.253123+00:00
BBG0013HGFT4,1,66.8,1,2022-05-12 07:04:44.311096+00:00
BBG0013HGFT4,1,66.8,20,2022-05-12 07:04:44.451198+00:00
BBG0013HGFT4,1,66.805,50,2022-05-12 07:04:44.451198+00:00
BBG0013HGFT4,1,66.81,5,2022-05-12 07:04:44.451198+00:00
BBG0013HGFT4,1,66.81,25,2022-05-12 07:04:44.451198+00:00
BBG0013HGFT4,2,66.77,3,2022-05-12 07:04:46.819296+00:00
BBG0013HGFT4,1,66.7625,1,2022-05-12 07:04:46.939598+00:00
BBG0013HGFT4,1,66.7625,50,2022-05-12 07:04:46.940853+00:00
BBG0013HGFT4,2,66.76,1,2022-05-12 07:04:47.706641+00:00
BBG0013HGFT4,2,66.76,19,2022-05-12 07:04:48.463748+00:00
BBG0013HGFT4,2,66.755,1,2022-05-12 07:04:48.463748+00:00
BBG0013HGFT4,2,66.7525,77,2022-05-12 07:04:48.463748+00:00
BBG0013HGFT4,2,66.7525,5,2022-05-12 07:04:48.597655+00:00
BBG0013HGFT4,2,66.75,4,2022-05-12 07:04:48.957396+00:00
BBG0013HGFT4,2,66.75,50,2022-05-12 07:04:49.123815+00:00
BBG0013HGFT4,2,66.75,1,2022-05-12 07:04:49.127738+00:00
BBG0013HGFT4,2,66.75,5,2022-05-12 07:04:49.367205+00:00
BBG0013HGFT4,2,66.75,1,2022-05-12 07:04:49.993880+00:00
BBG0013HGFT4,2,66.75,2,2022-05-12 07:04:49.997975+00:00
BBG0013HGFT4,1,66.7525,3,2022-05-12 07:04:50.269372+00:00
BBG0013HGFT4,1,66.7525,1,2022-05-12 07:04:50.894963+00:00
BBG0013HGFT4,1,66.7525,3,2022-05-12 07:04:50.952597+00:00
BBG0013HGFT4,2,66.75,1,2022-05-12 07:04:51.033949+00:00
BBG0013HGFT4,2,66.75,1,2022-05-12 07:04:51.035410+00:00
BBG0013HGFT4,2,66.75,20,2022-05-12 07:04:51.047757+00:00
BBG0013HGFT4,2,66.75,5,2022-05-12 07:04:51.229806+00:00
BBG0013HGFT4,1,66.7525,1,2022-05-12 07:04:51.564790+00:00
BBG0013HGFT4,2,66.75,1,2022-05-12 07:04:52.736648+00:00
BBG0013HGFT4,2,66.75,2,2022-05-12 07:04:52.738483+00:00
BBG0013HGFT4,2,66.75,2,2022-05-12 07:04:53.443193+00:00
BBG0013HGFT4,1,66.7525,1,2022-05-12 07:04:53.508774+00:00
BBG0013HGFT4,2,66.75,1,2022-05-12 07:04:54.024549+00:00
BBG0013HGFT4,2,66.75,1,2022-05-12 07:04:54.025893+00:00
BBG0013HGFT4,2,66.75,2,2022-05-12 07:04:55.409937+00:00
BBG0013HGFT4,2,66.75,5,2022-05-12 07:04:55.734454+00:00
BBG0013HGFT4,2,66.75,3,2022-05-12 07:04:55.883877+00:00
BBG0013HGFT4,2,66.75,8,2022-05-12 07:04:56.191467+00:00
BBG0013HGFT4,2,66.75,1,2022-05-12 07:04:56.461390+00:00
BBG0013HGFT4,2,66.75,10,2022-05-12 07:04:57.556704+00:00
BBG0013HGFT4,2,66.75,50,2022-05-12 07:04:57.950286+00:00
BBG0013HGFT4,1,66.7525,50,2022-05-12 07:04:58.272061+00:00
BBG0013HGFT4,1,66.79,20,2022-05-12 07:04:58.272353+00:00
BBG0013HGFT4,1,66.7925,20,2022-05-12 07:04:58.272353+00:00
BBG0013HGFT4,1,66.8,5,2022-05-12 07:04:58.272353+00:00
BBG0013HGFT4,1,66.8,3,2022-05-12 07:04:58.272353+00:00
BBG0013HGFT4,1,66.8,2,2022-05-12 07:04:58.272353+00:00
BBG0013HGFT4,1,66.8075,50,2022-05-12 07:04:58.272353+00:00
BBG0013HGFT4,1,66.7875,50,2022-05-12 07:04:58.273418+00:00
BBG0013HGFT4,1,66.81,5,2022-05-12 07:04:58.273418+00:00
BBG0013HGFT4,1,66.8125,25,2022-05-12 07:04:58.273418+00:00
BBG0013HGFT4,1,66.8125,5,2022-05-12 07:04:58.273418+00:00
BBG0013HGFT4,2,66.8125,15,2022-05-12 07:04:58.274782+00:00
BBG0013HGFT4,1,66.8125,35,2022-05-12 07:04:58.275350+00:00
BBG0013HGFT4,1,66.815,41,2022-05-12 07:04:58.275350+00:00
BBG0013HGFT4,1,66.82,25,2022-05-12 07:04:58.275350+00:00
BBG0013HGFT4,1,66.82,1,2022-05-12 07:04:58.275350+00:00
BBG0013HGFT4,1,66.8275,20,2022-05-12 07:04:58.275350+00:00
BBG0013HGFT4,1,66.83,1,2022-05-12 07:04:58.275350+00:00
BBG0013HGFT4,1,66.83,82,2022-05-12 07:04:58.275350+00:00
BBG0013HGFT4,1,66.8325,95,2022-05-12 07:04:58.275350+00:00
BBG0013HGFT4,2,66.7575,52,2022-05-12 07:04:58.875854+00:00
BBG0013HGFT4,2,66.7575,1,2022-05-12 07:04:59.188185+00:00
BBG0013HGFT4,2,66.81,1,2022-05-12 07:05:00.361804+00:00
BBG0013HGFT4,2,66.775,50,2022-05-12 07:05:00.395646+00:00
BBG0013HGFT4,2,66.7675,6,2022-05-12 07:05:00.524978+00:00
BBG0013HGFT4,2,66.7675,1,2022-05-12 07:05:00.545718+00:00
BBG0013HGFT4,2,66.7675,13,2022-05-12 07:05:00.577747+00:00
BBG0013HGFT4,1,66.7675,50,2022-05-12 07:05:00.645815+00:00
BBG0013HGFT4,2,66.7675,3,2022-05-12 07:05:00.649852+00:00
BBG0013HGFT4,2,66.7575,26,2022-05-12 07:05:00.649852+00:00
BBG0013HGFT4,2,66.7575,1,2022-05-12 07:05:00.655119+00:00
BBG0013HGFT4,2,66.7575,16,2022-05-12 07:05:00.673674+00:00
BBG0013HGFT4,2,66.7575,6,2022-05-12 07:05:01.454447+00:00
BBG0013HGFT4,2,66.7575,2,2022-05-12 07:05:01.469275+00:00
BBG0013HGFT4,2,66.7575,4,2022-05-12 07:05:01.495209+00:00
BBG0013HGFT4,2,66.7575,3,2022-05-12 07:05:01.514500+00:00
BBG0013HGFT4,2,66.7575,2,2022-05-12 07:05:01.537985+00:00
BBG0013HGFT4,2,66.7575,18,2022-05-12 07:05:01.578695+00:00
BBG0013HGFT4,2,66.7575,15,2022-05-12 07:05:01.618899+00:00
BBG0013HGFT4,2,66.7575,4,2022-05-12 07:05:01.651286+00:00
BBG0013HGFT4,2,66.765,11,2022-05-12 07:05:02.297863+00:00
BBG0013HGFT4,1,66.8,1,2022-05-12 07:05:02.522055+00:00
BBG0013HGFT4,1,66.8,20,2022-05-12 07:05:02.522055+00:00
BBG0013HGFT4,1,66.8175,35,2022-05-12 07:05:02.522055+00:00
BBG0013HGFT4,1,66.81,5,2022-05-12 07:05:03.098471+00:00
BBG0013HGFT4,2,66.78,30,2022-05-12 07:05:04.749118+00:00
BBG0013HGFT4,1,66.8,2,2022-05-12 07:05:06.263452+00:00
BBG0013HGFT4,1,66.8225,5,2022-05-12 07:05:06.689714+00:00
BBG0013HGFT4,1,66.825,5,2022-05-12 07:05:06.985903+00:00
BBG0013HGFT4,1,66.8325,5,2022-05-12 07:05:07.602425+00:00
BBG0013HGFT4,1,66.8325,10,2022-05-12 07:05:07.741158+00:00
BBG0013HGFT4,2,66.815,6,2022-05-12 07:05:07.848401+00:00
BBG0013HGFT4,1,66.8325,5,2022-05-12 07:05:07.944158+00:00
BBG0013HGFT4,1,66.8325,10,2022-05-12 07:05:08.038071+00:00
BBG0013HGFT4,1,66.8325,2,2022-05-12 07:05:08.074792+00:00
BBG0013HGFT4,1,66.8325,1,2022-05-12 07:05:08.232060+00:00
BBG0013HGFT4,1,66.8325,25,2022-05-12 07:05:08.408472+00:00
BBG0013HGFT4,1,66.8325,22,2022-05-12 07:05:08.434056+00:00
BBG0013HGFT4,1,66.8325,2,2022-05-12 07:05:08.985244+00:00
BBG0013HGFT4,1,66.8325,1,2022-05-12 07:05:09.102291+00:00
BBG0013HGFT4,1,66.8325,2,2022-05-12 07:05:09.104847+00:00
BBG0013HGFT4,1,66.8325,8,2022-05-12 07:05:09.106575+00:00
BBG0013HGFT4,1,66.8325,3,2022-05-12 07:05:10.216998+00:00
BBG0013HGFT4,1,66.8325,9,2022-05-12 07:05:10.905936+00:00
BBG0013HGFT4,1,66.8325,2,2022-05-12 07:05:10.991395+00:00
BBG0013HGFT4,1,66.8325,12,2022-05-12 07:05:11.095723+00:00
BBG0013HGFT4,1,66.8325,8,2022-05-12 07:05:11.200340+00:00
BBG0013HGFT4,1,66.8325,75,2022-05-12 07:05:11.288049+00:00
BBG0013HGFT4,1,66.8325,1,2022-05-12 07:05:11.298681+00:00
BBG0013HGFT4,1,66.8325,3,2022-05-12 07:05:11.301474+00:00
BBG0013HGFT4,1,66.8325,25,2022-05-12 07:05:11.366569+00:00
BBG0013HGFT4,1,66.8325,1,2022-05-12 07:05:11.367395+00:00
BBG0013HGFT4,1,66.8325,4,2022-05-12 07:05:11.570577+00:00
BBG0013HGFT4,1,66.8325,41,2022-05-12 07:05:11.610705+00:00
BBG0013HGFT4,1,66.8325,4,2022-05-12 07:05:11.668790+00:00
BBG0013HGFT4,1,66.8325,24,2022-05-12 07:05:11.734213+00:00
BBG0013HGFT4,1,66.8325,50,2022-05-12 07:05:11.880657+00:00
BBG0013HGFT4,1,66.8325,5,2022-05-12 07:05:12.166795+00:00
BBG0013HGFT4,1,66.8325,25,2022-05-12 07:05:12.191766+00:00
BBG0013HGFT4,1,66.8325,25,2022-05-12 07:05:12.353092+00:00
BBG0013HGFT4,1,66.8325,5,2022-05-12 07:05:12.409317+00:00
BBG0013HGFT4,1,66.8325,25,2022-05-12 07:05:12.566242+00:00
BBG0013HGFT4,1,66.8325,25,2022-05-12 07:05:12.705022+00:00
BBG0013HGFT4,1,66.8325,2,2022-05-12 07:05:12.829085+00:00
BBG0013HGFT4,1,66.8325,3,2022-05-12 07:05:13.521716+00:00
BBG0013HGFT4,1,66.8325,7,2022-05-12 07:05:13.523411+00:00
BBG0013HGFT4,1,66.8325,1,2022-05-12 07:05:13.524834+00:00
BBG0013HGFT4,1,66.8325,41,2022-05-12 07:05:13.931426+00:00
BBG0013HGFT4,1,66.8325,2,2022-05-12 07:05:14.653107+00:00
BBG0013HGFT4,1,66.8325,50,2022-05-12 07:05:14.962433+00:00
BBG0013HGFT4,1,66.8325,17,2022-05-12 07:05:15.185804+00:00
BBG0013HGFT4,1,66.84,1,2022-05-12 07:05:15.708764+00:00
BBG0013HGFT4,1,66.85,25,2022-05-12 07:05:15.708764+00:00
BBG0013HGFT4,1,66.8675,1,2022-05-12 07:05:15.708764+00:00
BBG0013HGFT4,1,66.8675,2,2022-05-12 07:05:15.710255+00:00
BBG0013HGFT4,1,66.8675,36,2022-05-12 07:05:15.711876+00:00
BBG0013HGFT4,1,66.8675,5,2022-05-12 07:05:15.826786+00:00
BBG0013HGFT4,1,66.87,52,2022-05-12 07:05:16.440665+00:00
BBG0013HGFT4,2,66.8625,2,2022-05-12 07:05:16.523118+00:00
BBG0013HGFT4,2,66.8625,3,2022-05-12 07:05:16.716355+00:00
BBG0013HGFT4,1,66.8675,1,2022-05-12 07:05:16.827983+00:00
BBG0013HGFT4,1,66.8625,1,2022-05-12 07:05:17.914146+00:00
BBG0013HGFT4,2,66.845,50,2022-05-12 07:05:18.733560+00:00
BBG0013HGFT4,2,66.84,50,2022-05-12 07:05:18.733560+00:00
BBG0013HGFT4,1,66.8425,25,2022-05-12 07:05:19.778086+00:00
BBG0013HGFT4,1,66.8425,50,2022-05-12 07:05:20.490792+00:00
BBG0013HGFT4,1,66.8575,4,2022-05-12 07:05:20.490792+00:00
BBG0013HGFT4,1,66.8425,6,2022-05-12 07:05:20.523799+00:00
BBG0013HGFT4,1,66.8425,50,2022-05-12 07:05:21.602838+00:00
BBG0013HGFT4,1,66.86,19,2022-05-12 07:05:21.602838+00:00
BBG0013HGFT4,1,66.8625,24,2022-05-12 07:05:21.602838+00:00
BBG0013HGFT4,1,66.8625,42,2022-05-12 07:05:21.602838+00:00
BBG0013HGFT4,2,66.83,1,2022-05-12 07:05:22.672651+00:00
BBG0013HGFT4,2,66.83,1,2022-05-12 07:05:22.672651+00:00
BBG0013HGFT4,2,66.83,2,2022-05-12 07:05:23.040890+00:00
BBG0013HGFT4,2,66.82,15,2022-05-12 07:05:23.040890+00:00
BBG0013HGFT4,1,66.8225,45,2022-05-12 07:05:23.042483+00:00
BBG0013HGFT4,2,66.82,5,2022-05-12 07:05:25.565711+00:00
BBG0013HGFT4,1,66.8275,20,2022-05-12 07:05:26.110949+00:00
BBG0013HGFT4,2,66.82,16,2022-05-12 07:05:26.150367+00:00
BBG0013HGFT4,2,66.82,41,2022-05-12 07:05:26.235666+00:00
BBG0013HGFT4,1,66.8375,50,2022-05-12 07:05:26.353010+00:00
BBG0013HGFT4,1,66.8425,50,2022-05-12 07:05:26.353010+00:00
BBG0013HGFT4,1,66.8475,25,2022-05-12 07:05:26.353010+00:00
BBG0013HGFT4,1,66.855,25,2022-05-12 07:05:26.353010+00:00
BBG0013HGFT4,1,66.8575,17,2022-05-12 07:05:26.353010+00:00
BBG0013HGFT4,1,66.86,44,2022-05-12 07:05:26.353010+00:00
BBG0013HGFT4,1,66.86,50,2022-05-12 07:05:26.353144+00:00
BBG0013HGFT4,1,66.86,6,2022-05-12 07:05:26.353821+00:00
BBG0013HGFT4,1,66.86,15,2022-05-12 07:05:26.353821+00:00
BBG0013HGFT4,2,66.86,50,2022-05-12 07:05:26.355259+00:00
BBG0013HGFT4,1,66.8625,20,2022-05-12 07:05:26.355778+00:00
BBG0013HGFT4,1,66.87,30,2022-05-12 07:05:26.355778+00:00
BBG0013HGFT4,1,66.87,50,2022-05-12 07:05:26.356167+00:00
BBG0013HGFT4,1,66.87,50,2022-05-12 07:05:26.357394+00:00
BBG0013HGFT4,1,66.87,50,2022-05-12 07:05:26.358874+00:00
BBG0013HGFT4,1,66.87,50,2022-05-12 07:05:26.359113+00:00
BBG0013HGFT4,1,66.87,29,2022-05-12 07:05:26.360019+00:00
BBG0013HGFT4,1,66.87,50,2022-05-12 07:05:26.360610+00:00
BBG0013HGFT4,1,66.87,50,2022-05-12 07:05:26.361114+00:00
BBG0013HGFT4,1,66.87,50,2022-05-12 07:05:26.362455+00:00
BBG0013HGFT4,1,66.87,50,2022-05-12 07:05:26.363430+00:00
BBG0013HGFT4,1,66.87,50,2022-05-12 07:05:26.364077+00:00
BBG0013HGFT4,1,66.87,50,2022-05-12 07:05:26.365955+00:00
BBG0013HGFT4,1,66.87,30,2022-05-12 07:05:26.366125+00:00
BBG0013HGFT4,1,66.87,1,2022-05-12 07:05:27.097811+00:00
BBG0013HGFT4,2,66.8475,14,2022-05-12 07:05:28.262820+00:00
BBG0013HGFT4,2,66.8375,3,2022-05-12 07:05:29.225411+00:00
BBG0013HGFT4,1,66.8625,14,2022-05-12 07:05:30.044859+00:00
BBG0013HGFT4,2,66.8525,3,2022-05-12 07:05:30.324751+00:00
BBG0013HGFT4,2,66.88,47,2022-05-12 07:05:30.670900+00:00
BBG0013HGFT4,1,66.895,5,2022-05-12 07:05:31.989229+00:00
BBG0013HGFT4,2,66.8825,1,2022-05-12 07:05:32.226508+00:00
BBG0013HGFT4,1,66.9,1,2022-05-12 07:05:32.502398+00:00
BBG0013HGFT4,1,66.885,25,2022-05-12 07:05:32.898462+00:00
BBG0013HGFT4,1,66.9,1,2022-05-12 07:05:32.898462+00:00
BBG0013HGFT4,1,66.9,14,2022-05-12 07:05:32.898462+00:00
BBG0013HGFT4,1,66.9025,50,2022-05-12 07:05:33.846602+00:00
BBG0013HGFT4,1,66.9125,80,2022-05-12 07:05:33.847400+00:00
BBG0013HGFT4,1,66.9125,1,2022-05-12 07:05:33.926217+00:00
BBG0013HGFT4,1,66.9125,2,2022-05-12 07:05:34.253870+00:00
BBG0013HGFT4,1,66.9125,50,2022-05-12 07:05:34.491149+00:00
BBG0013HGFT4,1,66.9125,60,2022-05-12 07:05:34.670581+00:00
BBG0013HGFT4,1,66.9125,20,2022-05-12 07:05:35.402221+00:00
BBG0013HGFT4,1,66.9125,194,2022-05-12 07:05:36.187550+00:00
BBG0013HGFT4,1,66.95,2,2022-05-12 07:05:36.190200+00:00
BBG0013HGFT4,1,66.95,2,2022-05-12 07:05:36.190200+00:00
BBG0013HGFT4,2,66.95,25,2022-05-12 07:05:36.190848+00:00
BBG0013HGFT4,2,66.95,18,2022-05-12 07:05:36.193743+00:00
BBG0013HGFT4,2,66.925,25,2022-05-12 07:05:36.327024+00:00
BBG0013HGFT4,1,66.9475,9,2022-05-12 07:05:37.140430+00:00
BBG0013HGFT4,1,66.935,7,2022-05-12 07:05:40.061595+00:00
BBG0013HGFT4,1,66.935,1,2022-05-12 07:05:40.206456+00:00
BBG0013HGFT4,2,66.92,4,2022-05-12 07:05:40.669525+00:00
BBG0013HGFT4,2,66.92,1,2022-05-12 07:05:40.669525+00:00
BBG0013HGFT4,2,66.92,2,2022-05-12 07:05:40.669525+00:00
BBG0013HGFT4,2,66.92,1,2022-05-12 07:05:40.669525+00:00
BBG0013HGFT4,1,66.915,30,2022-05-12 07:05:42.715110+00:00
BBG0013HGFT4,2,66.9125,5,2022-05-12 07:05:43.803272+00:00
BBG0013HGFT4,2,66.9125,5,2022-05-12 07:05:44.190683+00:00
BBG0013HGFT4,1,66.915,50,2022-05-12 07:05:44.427979+00:00
BBG0013HGFT4,1,66.925,13,2022-05-12 07:05:44.600072+00:00
BBG0013HGFT4,2,66.915,5,2022-05-12 07:05:44.832400+00:00
BBG0013HGFT4,2,66.915,45,2022-05-12 07:05:44.870312+00:00
BBG0013HGFT4,2,66.9125,40,2022-05-12 07:05:44.870312+00:00
BBG0013HGFT4,1,66.91,15,2022-05-12 07:05:44.870915+00:00
BBG0013HGFT4,1,66.92,1,2022-05-12 07:05:45.659033+00:00
BBG0013HGFT4,1,66.93,5,2022-05-12 07:05:45.659033+00:00
BBG0013HGFT4,2,66.94,50,2022-05-12 07:05:46.566273+00:00
BBG0013HGFT4,2,66.94,2,2022-05-12 07:05:46.708044+00:00
BBG0013HGFT4,1,66.9425,5,2022-05-12 07:05:46.970723+00:00
BBG0013HGFT4,1,66.9425,50,2022-05-12 07:05:48.056244+00:00
BBG0013HGFT4,1,66.9475,2,2022-05-12 07:05:48.056244+00:00
BBG0013HGFT4,1,66.95,2,2022-05-12 07:05:48.056244+00:00
BBG0013HGFT4,1,66.9675,27,2022-05-12 07:05:48.056244+00:00
BBG0013HGFT4,2,66.9425,29,2022-05-12 07:05:48.059410+00:00
BBG0013HGFT4,2,66.9425,21,2022-05-12 07:05:48.070720+00:00
BBG0013HGFT4,2,66.94,16,2022-05-12 07:05:48.070720+00:00
BBG0013HGFT4,2,66.94,96,2022-05-12 07:05:48.360770+00:00
BBG0013HGFT4,2,66.94,66,2022-05-12 07:05:48.361357+00:00
BBG0013HGFT4,2,66.94,64,2022-05-12 07:05:48.476371+00:00
BBG0013HGFT4,2,66.94,50,2022-05-12 07:05:48.503389+00:00
BBG0013HGFT4,1,66.965,2,2022-05-12 07:05:49.392232+00:00
BBG0013HGFT4,1,66.9425,2,2022-05-12 07:05:49.858897+00:00
BBG0013HGFT4,1,66.9425,50,2022-05-12 07:05:49.860105+00:00
BBG0013HGFT4,2,66.94,23,2022-05-12 07:05:50.909141+00:00
BBG0013HGFT4,2,66.94,29,2022-05-12 07:05:50.938804+00:00
BBG0013HGFT4,2,66.94,29,2022-05-12 07:05:50.939571+00:00
BBG0013HGFT4,2,66.94,29,2022-05-12 07:05:50.987824+00:00
BBG0013HGFT4,2,66.94,29,2022-05-12 07:05:51.032851+00:00
BBG0013HGFT4,2,66.94,5,2022-05-12 07:05:51.408268+00:00
BBG0013HGFT4,2,66.94,6,2022-05-12 07:05:51.538573+00:00
BBG0013HGFT4,1,66.9325,50,2022-05-12 07:05:51.761715+00:00
BBG0013HGFT4,1,66.9375,44,2022-05-12 07:05:51.762092+00:00
BBG0013HGFT4,1,66.9375,5,2022-05-12 07:05:51.762092+00:00
BBG0013HGFT4,1,66.965,5,2022-05-12 07:05:51.762092+00:00
BBG0013HGFT4,1,66.965,46,2022-05-12 07:05:51.762092+00:00
BBG0013HGFT4,1,66.9625,50,2022-05-12 07:05:51.763034+00:00
BBG0013HGFT4,1,66.965,4,2022-05-12 07:05:51.763034+00:00
BBG0013HGFT4,1,66.9675,46,2022-05-12 07:05:51.763034+00:00
BBG0013HGFT4,1,66.96,50,2022-05-12 07:05:51.765498+00:00
BBG0013HGFT4,1,66.9675,250,2022-05-12 07:05:51.765498+00:00
BBG0013HGFT4,2,66.93,2,2022-05-12 07:05:51.848376+00:00
BBG0013HGFT4,1,66.9225,1,2022-05-12 07:05:51.851022+00:00
BBG0013HGFT4,2,66.9175,1,2022-05-12 07:05:52.209779+00:00
BBG0013HGFT4,1,66.9175,1,2022-05-12 07:05:52.236866+00:00
BBG0013HGFT4,1,66.9175,1,2022-05-12 07:05:52.358093+00:00
BBG0013HGFT4,1,66.9175,2,2022-05-12 07:05:52.538531+00:00
BBG0013HGFT4,1,66.9225,2,2022-05-12 07:05:52.538531+00:00
BBG0013HGFT4,1,66.9675,63,2022-05-12 07:05:52.538531+00:00
BBG0013HGFT4,1,66.935,2,2022-05-12 07:05:53.358220+00:00
BBG0013HGFT4,1,66.945,50,2022-05-12 07:05:53.835141+00:00
BBG0013HGFT4,1,66.9675,21,2022-05-12 07:05:53.835141+00:00
BBG0013HGFT4,1,66.9725,1,2022-05-12 07:05:53.835141+00:00
BBG0013HGFT4,1,66.975,7,2022-05-12 07:05:53.835141+00:00
BBG0013HGFT4,1,66.975,1,2022-05-12 07:05:53.835141+00:00
BBG0013HGFT4,1,66.99,2,2022-05-12 07:05:53.837137+00:00
BBG0013HGFT4,1,66.995,2,2022-05-12 07:05:53.837137+00:00
BBG0013HGFT4,1,66.9975,2,2022-05-12 07:05:53.837137+00:00
BBG0013HGFT4,1,67.0,94,2022-05-12 07:05:53.837137+00:00
BBG0013HGFT4,2,66.98,29,2022-05-12 07:05:53.839657+00:00
BBG0013HGFT4,2,66.98,14,2022-05-12 07:05:53.848925+00:00
BBG0013HGFT4,2,66.98,29,2022-05-12 07:05:53.849578+00:00
BBG0013HGFT4,2,66.98,7,2022-05-12 07:05:53.862265+00:00
BBG0013HGFT4,2,66.98,29,2022-05-12 07:05:53.862784+00:00
BBG0013HGFT4,2,66.98,14,2022-05-12 07:05:53.930127+00:00
BBG0013HGFT4,2,66.98,29,2022-05-12 07:05:53.930872+00:00
BBG0013HGFT4,2,66.98,14,2022-05-12 07:05:54.034514+00:00
BBG0013HGFT4,1,67.0,6,2022-05-12 07:05:54.316598+00:00
BBG0013HGFT4,1,67.0,1,2022-05-12 07:05:54.316598+00:00
BBG0013HGFT4,1,67.0,1,2022-05-12 07:05:54.316598+00:00
BBG0013HGFT4,1,67.0,1,2022-05-12 07:05:54.316598+00:00
BBG0013HGFT4,1,67.0,1,2022-05-12 07:05:54.316598+00:00
BBG0013HGFT4,1,67.0,3,2022-05-12 07:05:55.084939+00:00
BBG0013HGFT4,1,67.0,3,2022-05-12 07:05:55.224498+00:00
BBG0013HGFT4,1,67.01,1,2022-05-12 07:05:55.224498+00:00
BBG0013HGFT4,1,67.02,46,2022-05-12 07:05:55.224498+00:00
BBG0013HGFT4,2,66.9975,2,2022-05-12 07:05:55.372825+00:00
BBG0013HGFT4,2,66.9975,48,2022-05-12 07:05:56.104823+00:00
BBG0013HGFT4,2,66.9825,13,2022-05-12 07:05:56.104823+00:00
BBG0013HGFT4,2,66.98,63,2022-05-12 07:05:56.115760+00:00
BBG0013HGFT4,2,66.98,45,2022-05-12 07:05:57.791603+00:00
BBG0013HGFT4,1,66.9825,3,2022-05-12 07:05:58.028298+00:00
BBG0013HGFT4,2,66.98,25,2022-05-12 07:05:58.122432+00:00
BBG0013HGFT4,1,66.9825,1,2022-05-12 07:05:58.520260+00:00
BBG0013HGFT4,1,66.9825,6,2022-05-12 07:05:59.309218+00:00
BBG0013HGFT4,1,66.9825,3,2022-05-12 07:05:59.820670+00:00
BBG0013HGFT4,2,66.98,50,2022-05-12 07:06:00.083634+00:00
BBG0013HGFT4,2,66.98,2,2022-05-12 07:06:00.506902+00:00
BBG0013HGFT4,2,66.98,3,2022-05-12 07:06:00.651384+00:00
BBG0013HGFT4,2,66.98,20,2022-05-12 07:06:00.684132+00:00
BBG0013HGFT4,2,66.9425,14,2022-05-12 07:06:00.744730+00:00
BBG0013HGFT4,1,66.95,1,2022-05-12 07:06:01.256073+00:00
BBG0013HGFT4,2,66.9425,3,2022-05-12 07:06:01.781656+00:00
BBG0013HGFT4,2,66.9175,1,2022-05-12 07:06:03.167307+00:00
BBG0013HGFT4,1,66.955,3,2022-05-12 07:06:03.398767+00:00
BBG0013HGFT4,1,66.955,50,2022-05-12 07:06:03.631869+00:00
BBG0013HGFT4,1,66.9625,30,2022-05-12 07:06:03.631869+00:00
BBG0013HGFT4,1,66.99,50,2022-05-12 07:06:03.631869+00:00
BBG0013HGFT4,1,66.9925,1,2022-05-12 07:06:03.631869+00:00
BBG0013HGFT4,1,67.0,60,2022-05-12 07:06:03.631869+00:00
BBG0013HGFT4,1,67.0125,20,2022-05-12 07:06:03.631869+00:00
BBG0013HGFT4,1,67.0175,28,2022-05-12 07:06:03.631869+00:00
BBG0013HGFT4,1,67.0175,14,2022-05-12 07:06:03.631982+00:00
BBG0013HGFT4,1,67.02,36,2022-05-12 07:06:03.631982+00:00
BBG0013HGFT4,1,67.02,40,2022-05-12 07:06:03.631992+00:00
BBG0013HGFT4,1,67.02,50,2022-05-12 07:06:03.634166+00:00
BBG0013HGFT4,1,67.02,50,2022-05-12 07:06:03.634562+00:00
BBG0013HGFT4,1,67.02,50,2022-05-12 07:06:03.636890+00:00
BBG0013HGFT4,1,67.02,50,2022-05-12 07:06:03.637110+00:00
BBG0013HGFT4,1,67.02,50,2022-05-12 07:06:03.637772+00:00
BBG0013HGFT4,2,66.985,50,2022-05-12 07:06:03.908542+00:00
BBG0013HGFT4,2,66.9825,50,2022-05-12 07:06:03.908542+00:00
BBG0013HGFT4,2,66.985,42,2022-05-12 07:06:03.909555+00:00
BBG0013HGFT4,2,66.9825,28,2022-05-12 07:06:03.909555+00:00
BBG0013HGFT4,2,66.985,50,2022-05-12 07:06:03.910620+00:00
BBG0013HGFT4,2,66.9825,14,2022-05-12 07:06:03.910620+00:00
BBG0013HGFT4,2,66.9875,50,2022-05-12 07:06:03.911481+00:00
BBG0013HGFT4,2,66.9825,11,2022-05-12 07:06:03.911481+00:00
BBG0013HGFT4,2,66.9825,59,2022-05-12 07:06:03.912118+00:00
BBG0013HGFT4,2,66.9825,79,2022-05-12 07:06:03.912723+00:00
BBG0013HGFT4,2,66.9825,64,2022-05-12 07:06:04.460512+00:00
BBG0013HGFT4,2,66.9825,2,2022-05-12 07:06:04.622779+00:00
BBG0013HGFT4,1,67.02,1,2022-05-12 07:06:04.807693+00:00
BBG0013HGFT4,1,67.0,1,2022-05-12 07:06:06.053863+00:00
BBG0013HGFT4,2,67.0,2,2022-05-12 07:06:06.564204+00:00
BBG0013HGFT4,2,67.0,4,2022-05-12 07:06:06.564204+00:00
BBG0013HGFT4,1,67.02,10,2022-05-12 07:06:06.861222+00:00
BBG0013HGFT4,1,67.02,1,2022-05-12 07:06:06.863086+00:00
BBG0013HGFT4,1,67.02,5,2022-05-12 07:06:07.266167+00:00
BBG0013HGFT4,1,67.02,5,2022-05-12 07:06:07.783490+00:00
BBG0013HGFT4,1,67.02,1,2022-05-12 07:06:07.810138+00:00
BBG0013HGFT4,1,67.02,1,2022-05-12 07:06:07.904540+00:00
BBG0013HGFT4,1,67.02,1,2022-05-12 07:06:07.905889+00:00
BBG0013HGFT4,1,67.02,1,2022-05-12 07:06:07.907253+00:00
BBG0013HGFT4,1,67.02,1,2022-05-12 07:06:07.909902+00:00
BBG0013HGFT4,1,67.02,3,2022-05-12 07:06:07.911140+00:00
BBG0013HGFT4,1,67.02,3,2022-05-12 07:06:07.912550+00:00
BBG0013HGFT4,2,66.99,20,2022-05-12 07:06:08.228358+00:00
BBG0013HGFT4,2,66.9875,50,2022-05-12 07:06:08.228358+00:00
BBG0013HGFT4,2,66.9875,1,2022-05-12 07:06:08.228358+00:00
BBG0013HGFT4,2,66.985,5,2022-05-12 07:06:08.228358+00:00
BBG0013HGFT4,2,66.985,100,2022-05-12 07:06:08.228358+00:00
BBG0013HGFT4,2,66.9825,93,2022-05-12 07:06:08.228358+00:00
BBG0013HGFT4,2,66.96,36,2022-05-12 07:06:08.228358+00:00
BBG0013HGFT4,1,67.02,2,2022-05-12 07:06:08.518135+00:00
BBG0013HGFT4,1,67.0675,1,2022-05-12 07:06:08.519321+00:00
BBG0013HGFT4,1,67.0225,49,2022-05-12 07:06:08.520082+00:00
BBG0013HGFT4,1,67.0125,1,2022-05-12 07:06:10.531557+00:00
BBG0013HGFT4,1,67.0125,1,2022-05-12 07:06:10.533190+00:00
BBG0013HGFT4,1,67.0125,1,2022-05-12 07:06:10.534421+00:00
BBG0013HGFT4,1,67.0125,47,2022-05-12 07:06:10.585488+00:00
BBG0013HGFT4,2,67.02,3,2022-05-12 07:06:10.752323+00:00
BBG0013HGFT4,1,67.01,1,2022-05-12 07:06:10.937554+00:00
BBG0013HGFT4,1,67.01,1,2022-05-12 07:06:11.109424+00:00
BBG0013HGFT4,1,67.0225,9,2022-05-12 07:06:11.109424+00:00
BBG0013HGFT4,1,67.02,2,2022-05-12 07:06:12.144405+00:00
BBG0013HGFT4,2,66.96,20,2022-05-12 07:06:12.352446+00:00
BBG0013HGFT4,1,67.015,1,2022-05-12 07:06:13.880722+00:00
BBG0013HGFT4,1,67.015,4,2022-05-12 07:06:14.911907+00:00
BBG0013HGFT4,1,67.015,1,2022-05-12 07:06:14.914961+00:00
BBG0013HGFT4,1,67.015,1,2022-05-12 07:06:14.916768+00:00
BBG0013HGFT4,2,66.965,50,2022-05-12 07:06:15.848662+00:00
BBG0013HGFT4,2,66.965,50,2022-05-12 07:06:15.848662+00:00
BBG0013HGFT4,2,66.96,20,2022-05-12 07:06:15.848662+00:00
BBG0013HGFT4,1,67.015,1,2022-05-12 07:06:16.004992+00:00
BBG0013HGFT4,1,67.015,1,2022-05-12 07:06:17.103100+00:00
BBG0013HGFT4,2,66.9525,50,2022-05-12 07:06:17.139310+00:00
BBG0013HGFT4,2,66.95,2,2022-05-12 07:06:17.139310+00:00
BBG0013HGFT4,2,66.9425,8,2022-05-12 07:06:17.139310+00:00
BBG0013HGFT4,1,67.015,1,2022-05-12 07:06:17.254227+00:00
BBG0013HGFT4,1,67.02,4,2022-05-12 07:06:17.254227+00:00
BBG0013HGFT4,1,67.02,4,2022-05-12 07:06:17.384756+00:00
BBG0013HGFT4,1,67.02,7,2022-05-12 07:06:17.384756+00:00
BBG0013HGFT4,1,67.02,35,2022-05-12 07:06:17.450518+00:00
BBG0013HGFT4,1,67.0225,15,2022-05-12 07:06:17.450518+00:00
BBG0013HGFT4,2,66.9475,3,2022-05-12 07:06:17.824340+00:00
BBG0013HGFT4,1,67.015,1,2022-05-12 07:06:18.221759+00:00
BBG0013HGFT4,1,67.015,2,2022-05-12 07:06:19.350262+00:00
BBG0013HGFT4,1,67.015,1,2022-05-12 07:06:19.414657+00:00
BBG0013HGFT4,1,67.015,1,2022-05-12 07:06:19.514119+00:00
BBG0013HGFT4,1,67.015,1,2022-05-12 07:06:19.517277+00:00
BBG0013HGFT4,1,67.015,8,2022-05-12 07:06:19.780274+00:00
BBG0013HGFT4,1,67.015,37,2022-05-12 07:06:20.401931+00:00
BBG0013HGFT4,1,67.02,10,2022-05-12 07:06:20.401931+00:00
BBG0013HGFT4,1,67.0225,26,2022-05-12 07:06:20.401931+00:00
BBG0013HGFT4,1,67.0375,50,2022-05-12 07:06:20.401931+00:00
BBG0013HGFT4,1,67.0375,1,2022-05-12 07:06:20.401931+00:00
BBG0013HGFT4,1,67.04,43,2022-05-12 07:06:20.401931+00:00
BBG0013HGFT4,1,66.985,1,2022-05-12 07:06:21.711910+00:00
BBG0013HGFT4,1,66.985,4,2022-05-12 07:06:21.713595+00:00
BBG0013HGFT4,1,66.985,1,2022-05-12 07:06:21.715318+00:00
BBG0013HGFT4,1,66.985,2,2022-05-12 07:06:21.717512+00:00
BBG0013HGFT4,1,66.985,42,2022-05-12 07:06:21.867734+00:00
BBG0013HGFT4,2,67.015,222,2022-05-12 07:06:21.868208+00:00
BBG0013HGFT4,2,67.015,28,2022-05-12 07:06:21.871519+00:00
BBG0013HGFT4,2,67.015,50,2022-05-12 07:06:21.878598+00:00
BBG0013HGFT4,2,67.015,50,2022-05-12 07:06:21.878845+00:00
BBG0013HGFT4,2,67.015,33,2022-05-12 07:06:21.878870+00:00
BBG0013HGFT4,2,67.015,75,2022-05-12 07:06:21.880128+00:00
BBG0013HGFT4,2,67.015,25,2022-05-12 07:06:21.880128+00:00
BBG0013HGFT4,1,66.985,1,2022-05-12 07:06:22.815757+00:00
BBG0013HGFT4,1,66.985,3,2022-05-12 07:06:22.817632+00:00
BBG0013HGFT4,1,66.985,1,2022-05-12 07:06:22.819568+00:00
BBG0013HGFT4,1,66.985,1,2022-05-12 07:06:22.820874+00:00
BBG0013HGFT4,1,66.985,20,2022-05-12 07:06:24.262001+00:00
BBG0013HGFT4,1,66.985,1,2022-05-12 07:06:24.904780+00:00
BBG0013HGFT4,1,66.985,2,2022-05-12 07:06:24.907496+00:00
BBG0013HGFT4,1,66.985,5,2022-05-12 07:06:24.911333+00:00
BBG0013HGFT4,1,67.02,4,2022-05-12 07:06:24.913026+00:00
BBG0013HGFT4,1,66.985,1,2022-05-12 07:06:24.963562+00:00
BBG0013HGFT4,2,66.965,1,2022-05-12 07:06:25.364439+00:00
BBG0013HGFT4,2,66.9625,1,2022-05-12 07:06:25.364439+00:00
BBG0013HGFT4,1,66.985,2,2022-05-12 07:06:26.008056+00:00
BBG0013HGFT4,1,66.985,5,2022-05-12 07:06:26.013080+00:00
BBG0013HGFT4,1,66.985,2,2022-05-12 07:06:26.014807+00:00
BBG0013HGFT4,2,66.96,20,2022-05-12 07:06:26.288928+00:00
BBG0013HGFT4,2,66.95,10,2022-05-12 07:06:26.288928+00:00
BBG0013HGFT4,2,66.93,18,2022-05-12 07:06:26.288928+00:00
BBG0013HGFT4,1,66.9825,50,2022-05-12 07:06:27.009241+00:00
BBG0013HGFT4,2,66.985,50,2022-05-12 07:06:27.010091+00:00
BBG0013HGFT4,2,66.9875,16,2022-05-12 07:06:27.012568+00:00
BBG0013HGFT4,2,66.985,34,2022-05-12 07:06:27.012568+00:00
BBG0013HGFT4,2,66.985,50,2022-05-12 07:06:27.014257+00:00
BBG0013HGFT4,2,66.985,50,2022-05-12 07:06:27.016031+00:00
BBG0013HGFT4,2,66.985,50,2022-05-12 07:06:27.018064+00:00
BBG0013HGFT4,2,66.985,50,2022-05-12 07:06:27.022323+00:00
BBG0013HGFT4,2,66.985,50,2022-05-12 07:06:27.022762+00:00
BBG0013HGFT4,2,66.985,116,2022-05-12 07:06:27.050406+00:00
BBG0013HGFT4,1,66.9775,50,2022-05-12 07:06:29.968626+00:00
BBG0013HGFT4,1,66.9825,5,2022-05-12 07:06:29.968626+00:00
BBG0013HGFT4,1,66.9825,5,2022-05-12 07:06:29.968626+00:00
BBG0013HGFT4,2,67.0,210,2022-05-12 07:06:29.969489+00:00
BBG0013HGFT4,2,67.0,48,2022-05-12 07:06:29.971196+00:00
BBG0013HGFT4,2,67.0,40,2022-05-12 07:06:29.971912+00:00
BBG0013HGFT4,2,67.0,142,2022-05-12 07:06:29.979702+00:00
BBG0013HGFT4,1,66.985,50,2022-05-12 07:06:30.569522+00:00
BBG0013HGFT4,1,66.9975,50,2022-05-12 07:06:30.570982+00:00
BBG0013HGFT4,1,67.0,50,2022-05-12 07:06:30.570982+00:00
BBG0013HGFT4,1,67.005,20,2022-05-12 07:06:30.572977+00:00
BBG0013HGFT4,1,67.0175,10,2022-05-12 07:06:30.572977+00:00
BBG0013HGFT4,1,67.0225,1,2022-05-12 07:06:30.572977+00:00
BBG0013HGFT4,1,67.025,50,2022-05-12 07:06:30.572977+00:00
BBG0013HGFT4,1,67.035,57,2022-05-12 07:06:30.572977+00:00
BBG0013HGFT4,1,67.0375,25,2022-05-12 07:06:30.572977+00:00
BBG0013HGFT4,1,67.04,100,2022-05-12 07:06:30.572977+00:00
BBG0013HGFT4,1,67.045,37,2022-05-12 07:06:30.572977+00:00
BBG0013HGFT4,2,66.9875,50,2022-05-12 07:06:30.583796+00:00
BBG0013HGFT4,1,66.985,50,2022-05-12 07:06:30.607612+00:00
BBG0013HGFT4,2,66.9875,1,2022-05-12 07:06:30.611677+00:00
BBG0013HGFT4,1,66.985,2,2022-05-12 07:06:30.613083+00:00
BBG0013HGFT4,1,66.985,10,2022-05-12 07:06:30.614471+00:00
BBG0013HGFT4,1,66.985,2,2022-05-12 07:06:31.708014+00:00
BBG0013HGFT4,1,66.985,2,2022-05-12 07:06:31.709799+00:00
BBG0013HGFT4,1,66.985,5,2022-05-12 07:06:31.712590+00:00
BBG0013HGFT4,1,66.985,25,2022-05-12 07:06:31.864134+00:00
BBG0013HGFT4,2,66.9575,4,2022-05-12 07:06:33.182897+00:00
BBG0013HGFT4,2,66.9575,3,2022-05-12 07:06:34.323139+00:00
BBG0013HGFT4,1,67.0,10,2022-05-12 07:06:36.147226+00:00
BBG0013HGFT4,1,67.015,50,2022-05-12 07:06:36.147226+00:00
BBG0013HGFT4,1,67.02,20,2022-05-12 07:06:36.147226+00:00
BBG0013HGFT4,1,67.0,3,2022-05-12 07:06:39.112314+00:00
BBG0013HGFT4,1,67.0,1,2022-05-12 07:06:39.113648+00:00
BBG0013HGFT4,1,67.0,3,2022-05-12 07:06:39.115113+00:00
BBG0013HGFT4,1,67.0,2,2022-05-12 07:06:39.310913+00:00
BBG0013HGFT4,1,67.0,20,2022-05-12 07:06:39.509587+00:00
BBG0013HGFT4,1,67.0,1,2022-05-12 07:06:41.186009+00:00
BBG0013HGFT4,1,67.0,4,2022-05-12 07:06:41.331716+00:00
BBG0013HGFT4,1,67.0,1,2022-05-12 07:06:41.729030+00:00
BBG0013HGFT4,1,67.0,1,2022-05-12 07:06:42.333221+00:00
BBG0013HGFT4,1,67.0,9,2022-05-12 07:06:46.524124+00:00
BBG0013HGFT4,1,67.0,1,2022-05-12 07:06:46.525772+00:00
BBG0013HGFT4,2,66.985,1,2022-05-12 07:06:47.002179+00:00
BBG0013HGFT4,1,66.985,49,2022-05-12 07:06:47.534264+00:00
BBG0013HGFT4,1,67.0,10,2022-05-12 07:06:47.534264+00:00
BBG0013HGFT4,2,67.0,1,2022-05-12 07:06:48.102698+00:00
BBG0013HGFT4,2,67.0,2,2022-05-12 07:06:50.841948+00:00
BBG0013HGFT4,2,67.0,1,2022-05-12 07:06:51.341943+00:00
BBG0013HGFT4,1,67.02,75,2022-05-12 07:06:52.036144+00:00
BBG0013HGFT4,1,67.02,26,2022-05-12 07:06:52.696429+00:00
BBG0013HGFT4,2,67.0,2,2022-05-12 07:06:53.289150+00:00
BBG0013HGFT4,1,67.02,20,2022-05-12 07:06:54.627969+00:00
BBG0013HGFT4,1,67.01,10,2022-05-12 07:07:00.926316+00:00
BBG0013HGFT4,2,67.005,5,2022-05-12 07:07:03.326947+00:00
BBG0013HGFT4,2,67.005,5,2022-05-12 07:07:03.637552+00:00
BBG0013HGFT4,2,67.0,5,2022-05-12 07:07:03.723333+00:00
BBG0013HGFT4,2,67.0,3,2022-05-12 07:07:04.203787+00:00
BBG0013HGFT4,2,67.0,1,2022-05-12 07:07:04.203787+00:00
BBG0013HGFT4,2,67.0,6,2022-05-12 07:07:04.203787+00:00
BBG0013HGFT4,2,67.0,1,2022-05-12 07:07:04.203787+00:00
BBG0013HGFT4,2,67.0,4,2022-05-12 07:07:04.203787+00:00
BBG0013HGFT4,2,66.985,200,2022-05-12 07:07:04.203787+00:00
BBG0013HGFT4,2,66.9825,1,2022-05-12 07:07:05.593246+00:00
BBG0013HGFT4,1,66.9975,1,2022-05-12 07:07:05.730493+00:00
BBG0013HGFT4,1,66.9975,2,2022-05-12 07:07:06.720310+00:00
BBG0013HGFT4,1,67.02,1,2022-05-12 07:07:08.023593+00:00
BBG0013HGFT4,1,67.005,1,2022-05-12 07:07:10.149566+00:00
BBG0013HGFT4,1,67.005,1,2022-05-12 07:07:10.150877+00:00
BBG0013HGFT4,1,67.005,1,2022-05-12 07:07:10.152216+00:00
BBG0013HGFT4,1,67.005,2,2022-05-12 07:07:10.825090+00:00
BBG0013HGFT4,1,67.0175,1,2022-05-12 07:07:10.825090+00:00
BBG0013HGFT4,1,67.02,1,2022-05-12 07:07:11.530156+00:00
BBG0013HGFT4,2,67.0,6,2022-05-12 07:07:11.643739+00:00
BBG0013HGFT4,1,67.02,46,2022-05-12 07:07:12.465845+00:00
BBG0013HGFT4,1,67.02,1,2022-05-12 07:07:12.465845+00:00
BBG0013HGFT4,1,67.02,1,2022-05-12 07:07:12.465845+00:00
BBG0013HGFT4,1,67.02,5,2022-05-12 07:07:12.465845+00:00
BBG0013HGFT4,1,67.02,17,2022-05-12 07:07:12.616980+00:00
BBG0013HGFT4,1,67.02,1,2022-05-12 07:07:12.618882+00:00
BBG0013HGFT4,1,67.02,10,2022-05-12 07:07:13.718950+00:00
BBG0013HGFT4,1,67.02,2,2022-05-12 07:07:13.720480+00:00
BBG0013HGFT4,1,67.02,10,2022-05-12 07:07:14.820450+00:00
BBG0013HGFT4,1,67.02,6,2022-05-12 07:07:14.822650+00:00
BBG0013HGFT4,1,67.02,3,2022-05-12 07:07:14.824088+00:00
BBG0013HGFT4,2,67.0075,50,2022-05-12 07:07:14.942177+00:00
BBG0013HGFT4,2,67.0025,50,2022-05-12 07:07:14.942177+00:00
BBG0013HGFT4,1,67.0,200,2022-05-12 07:07:14.942710+00:00
BBG0013HGFT4,1,67.02,22,2022-05-12 07:07:15.245572+00:00
BBG0013HGFT4,1,67.02,3,2022-05-12 07:07:15.967670+00:00
BBG0013HGFT4,2,66.9925,50,2022-05-12 07:07:16.785329+00:00
BBG0013HGFT4,2,66.9875,16,2022-05-12 07:07:16.785329+00:00
BBG0013HGFT4,1,67.0175,1,2022-05-12 07:07:17.023436+00:00
BBG0013HGFT4,1,67.0175,4,2022-05-12 07:07:17.025468+00:00
BBG0013HGFT4,2,67.01,1,2022-05-12 07:07:18.057721+00:00
BBG0013HGFT4,1,67.0,20,2022-05-12 07:07:18.381808+00:00
BBG0013HGFT4,2,66.99,50,2022-05-12 07:07:18.759145+00:00
BBG0013HGFT4,2,66.975,50,2022-05-12 07:07:19.427685+00:00
BBG0013HGFT4,2,66.97,50,2022-05-12 07:07:19.427685+00:00
BBG0013HGFT4,2,66.9525,110,2022-05-12 07:07:19.427685+00:00
BBG0013HGFT4,2,66.95,1,2022-05-12 07:07:19.427685+00:00
BBG0013HGFT4,2,66.95,1,2022-05-12 07:07:19.427685+00:00
BBG0013HGFT4,2,66.95,10,2022-05-12 07:07:19.427685+00:00
BBG0013HGFT4,2,66.95,1,2022-05-12 07:07:19.427685+00:00
BBG0013HGFT4,2,66.95,100,2022-05-12 07:07:19.427685+00:00
BBG0013HGFT4,2,66.9475,1,2022-05-12 07:07:19.427685+00:00
BBG0013HGFT4,2,66.9475,50,2022-05-12 07:07:19.427685+00:00
BBG0013HGFT4,2,66.935,20,2022-05-12 07:07:19.427685+00:00
BBG0013HGFT4,2,66.93,100,2022-05-12 07:07:19.427685+00:00
BBG0013HGFT4,2,66.9175,1,2022-05-12 07:07:19.427685+00:00
BBG0013HGFT4,2,66.905,100,2022-05-12 07:07:19.427685+00:00
BBG0013HGFT4,2,66.9025,42,2022-05-12 07:07:19.427685+00:00
BBG0013HGFT4,2,66.9,23,2022-05-12 07:07:19.427685+00:00
BBG0013HGFT4,2,66.9,2,2022-05-12 07:07:19.427685+00:00
BBG0013HGFT4,2,66.9,1,2022-05-12 07:07:19.427685+00:00
BBG0013HGFT4,2,66.9,10,2022-05-12 07:07:19.427685+00:00
BBG0013HGFT4,2,66.9,1,2022-05-12 07:07:19.427685+00:00
BBG0013HGFT4,2,66.9,2,2022-05-12 07:07:19.427685+00:00
BBG0013HGFT4,2,66.9,1,2022-05-12 07:07:19.427685+00:00
BBG0013HGFT4,2,66.9,1,2022-05-12 07:07:19.427685+00:00
BBG0013HGFT4,2,66.9325,1,2022-05-12 07:07:19.428548+00:00
BBG0013HGFT4,1,66.95,82,2022-05-12 07:07:19.433236+00:00
BBG0013HGFT4,2,66.9225,1,2022-05-12 07:07:19.433846+00:00
BBG0013HGFT4,1,66.945,52,2022-05-12 07:07:19.435774+00:00
BBG0013HGFT4,1,66.9475,1,2022-05-12 07:07:19.435774+00:00
BBG0013HGFT4,2,66.89,1,2022-05-12 07:07:19.437806+00:00
BBG0013HGFT4,2,66.885,1,2022-05-12 07:07:19.440633+00:00
BBG0013HGFT4,1,66.8875,53,2022-05-12 07:07:19.443221+00:00
BBG0013HGFT4,2,66.8775,50,2022-05-12 07:07:19.447045+00:00
BBG0013HGFT4,2,66.8725,1,2022-05-12 07:07:19.449487+00:00
BBG0013HGFT4,1,66.8725,53,2022-05-12 07:07:19.449833+00:00
BBG0013HGFT4,1,66.8725,43,2022-05-12 07:07:19.449878+00:00
BBG0013HGFT4,2,66.87,99,2022-05-12 07:07:19.451536+00:00
BBG0013HGFT4,1,66.945,11,2022-05-12 07:07:19.715323+00:00
BBG0013HGFT4,2,66.925,5,2022-05-12 07:07:20.032824+00:00
BBG0013HGFT4,2,66.925,12,2022-05-12 07:07:20.133206+00:00
BBG0013HGFT4,1,66.9475,15,2022-05-12 07:07:20.515030+00:00
BBG0013HGFT4,1,66.93,1,2022-05-12 07:07:23.072122+00:00
BBG0013HGFT4,1,66.9075,8,2022-05-12 07:07:23.522658+00:00
BBG0013HGFT4,1,66.9075,1,2022-05-12 07:07:24.374532+00:00
BBG0013HGFT4,2,66.885,5,2022-05-12 07:07:24.697770+00:00
BBG0013HGFT4,2,66.885,4,2022-05-12 07:07:25.488091+00:00
BBG0013HGFT4,1,66.9225,5,2022-05-12 07:07:27.151011+00:00
BBG0013HGFT4,1,66.9275,1,2022-05-12 07:07:28.420531+00:00
BBG0013HGFT4,1,66.9275,1,2022-05-12 07:07:28.553440+00:00
BBG0013HGFT4,1,66.9275,1,2022-05-12 07:07:28.915836+00:00
BBG0013HGFT4,2,66.885,4,2022-05-12 07:07:30.767120+00:00
BBG0013HGFT4,2,66.885,3,2022-05-12 07:07:31.046329+00:00
BBG0013HGFT4,1,66.9225,5,2022-05-12 07:07:32.274619+00:00
BBG0013HGFT4,1,66.9225,20,2022-05-12 07:07:32.807085+00:00
BBG0013HGFT4,1,66.9225,1,2022-05-12 07:07:33.609358+00:00
BBG0013HGFT4,1,66.9225,1,2022-05-12 07:07:33.610943+00:00
BBG0013HGFT4,1,66.9225,1,2022-05-12 07:07:34.624415+00:00
BBG0013HGFT4,1,66.9225,2,2022-05-12 07:07:34.626052+00:00
BBG0013HGFT4,1,66.9225,1,2022-05-12 07:07:34.627467+00:00
BBG0013HGFT4,1,66.925,5,2022-05-12 07:07:34.729851+00:00
BBG0013HGFT4,1,66.9425,1,2022-05-12 07:07:35.786127+00:00
BBG0013HGFT4,1,66.95,4,2022-05-12 07:07:36.831968+00:00
BBG0013HGFT4,1,66.95,1,2022-05-12 07:07:36.833450+00:00
BBG0013HGFT4,1,66.97,1,2022-05-12 07:07:37.121456+00:00
BBG0013HGFT4,2,66.925,29,2022-05-12 07:07:37.996743+00:00
BBG0013HGFT4,2,66.91,20,2022-05-12 07:07:37.996743+00:00
BBG0013HGFT4,2,66.9,1,2022-05-12 07:07:39.198964+00:00
BBG0013HGFT4,2,66.8925,10,2022-05-12 07:07:39.198964+00:00
BBG0013HGFT4,2,66.8925,3,2022-05-12 07:07:40.854635+00:00
BBG0013HGFT4,2,66.8925,10,2022-05-12 07:07:40.864562+00:00
BBG0013HGFT4,2,66.8925,27,2022-05-12 07:07:41.703699+00:00
BBG0013HGFT4,2,66.89,16,2022-05-12 07:07:41.703699+00:00
BBG0013HGFT4,2,66.89,4,2022-05-12 07:07:41.805037+00:00
BBG0013HGFT4,2,66.9,1,2022-05-12 07:07:42.006114+00:00
BBG0013HGFT4,2,66.9,1,2022-05-12 07:07:42.693714+00:00
BBG0013HGFT4,2,66.89,3,2022-05-12 07:07:42.693714+00:00
BBG0013HGFT4,2,66.89,1,2022-05-12 07:07:43.159932+00:00
BBG0013HGFT4,2,66.89,5,2022-05-12 07:07:47.178598+00:00
BBG0013HGFT4,1,66.9,1,2022-05-12 07:07:49.354603+00:00
BBG0013HGFT4,2,66.8925,5,2022-05-12 07:07:50.463438+00:00
BBG0013HGFT4,2,66.8925,5,2022-05-12 07:07:51.357804+00:00
BBG0013HGFT4,2,66.8925,5,2022-05-12 07:07:52.534567+00:00
BBG0013HGFT4,1,66.92,3,2022-05-12 07:07:54.078888+00:00
BBG0013HGFT4,1,66.9225,50,2022-05-12 07:07:54.173864+00:00
BBG0013HGFT4,2,66.925,209,2022-05-12 07:07:54.733655+00:00
BBG0013HGFT4,2,66.925,8,2022-05-12 07:07:55.277060+00:00
BBG0013HGFT4,1,66.95,3,2022-05-12 07:08:00.432247+00:00
BBG0013HGFT4,1,66.955,50,2022-05-12 07:08:02.115999+00:00
BBG0013HGFT4,1,66.9625,5,2022-05-12 07:08:02.115999+00:00
BBG0013HGFT4,1,66.9625,50,2022-05-12 07:08:02.115999+00:00
BBG0013HGFT4,1,66.9675,107,2022-05-12 07:08:02.115999+00:00
BBG0013HGFT4,1,66.9625,50,2022-05-12 07:08:02.119154+00:00
BBG0013HGFT4,1,66.9675,50,2022-05-12 07:08:02.120446+00:00
BBG0013HGFT4,1,66.97,50,2022-05-12 07:08:02.121365+00:00
BBG0013HGFT4,1,66.97,184,2022-05-12 07:08:02.122000+00:00
BBG0013HGFT4,1,66.97,50,2022-05-12 07:08:02.122051+00:00
BBG0013HGFT4,1,66.97,16,2022-05-12 07:08:02.123072+00:00
BBG0013HGFT4,1,66.9775,25,2022-05-12 07:08:02.123072+00:00
BBG0013HGFT4,1,66.985,1,2022-05-12 07:08:02.123072+00:00
BBG0013HGFT4,1,67.0,1,2022-05-12 07:08:02.128386+00:00
BBG0013HGFT4,1,67.0,1,2022-05-12 07:08:02.128386+00:00
BBG0013HGFT4,1,67.0,2,2022-05-12 07:08:02.128386+00:00
BBG0013HGFT4,1,67.0,5,2022-05-12 07:08:02.128386+00:00
BBG0013HGFT4,1,67.0,22,2022-05-12 07:08:02.128386+00:00
BBG0013HGFT4,2,67.0025,19,2022-05-12 07:08:02.151197+00:00
BBG0013HGFT4,2,66.9975,8,2022-05-12 07:08:02.151197+00:00
BBG0013HGFT4,2,66.9975,50,2022-05-12 07:08:02.151197+00:00
BBG0013HGFT4,2,66.9575,50,2022-05-12 07:08:02.151197+00:00
BBG0013HGFT4,2,66.9575,1,2022-05-12 07:08:02.151197+00:00
BBG0013HGFT4,2,66.955,29,2022-05-12 07:08:02.151197+00:00
BBG0013HGFT4,2,66.955,21,2022-05-12 07:08:02.157322+00:00
BBG0013HGFT4,1,66.9825,50,2022-05-12 07:08:04.229076+00:00
BBG0013HGFT4,1,66.9875,1,2022-05-12 07:08:04.229551+00:00
BBG0013HGFT4,1,67.0,9,2022-05-12 07:08:04.229962+00:00
BBG0013HGFT4,1,66.9975,1,2022-05-12 07:08:04.230422+00:00
BBG0013HGFT4,1,66.995,1,2022-05-12 07:08:04.231124+00:00
BBG0013HGFT4,1,66.995,50,2022-05-12 07:08:04.231124+00:00
BBG0013HGFT4,1,67.005,1,2022-05-12 07:08:04.231124+00:00
BBG0013HGFT4,1,67.015,50,2022-05-12 07:08:04.231124+00:00
BBG0013HGFT4,1,67.0175,7,2022-05-12 07:08:04.231124+00:00
BBG0013HGFT4,2,66.95,2,2022-05-12 07:08:05.136199+00:00
BBG0013HGFT4,2,66.95,1,2022-05-12 07:08:05.175352+00:00
BBG0013HGFT4,2,66.95,47,2022-05-12 07:08:07.730024+00:00
BBG0013HGFT4,2,66.945,20,2022-05-12 07:08:07.730024+00:00
BBG0013HGFT4,2,66.935,107,2022-05-12 07:08:07.730024+00:00
BBG0013HGFT4,2,66.9325,20,2022-05-12 07:08:07.730024+00:00
BBG0013HGFT4,2,66.9325,1,2022-05-12 07:08:07.730024+00:00
BBG0013HGFT4,1,66.98,50,2022-05-12 07:08:08.696004+00:00
BBG0013HGFT4,1,66.9825,1,2022-05-12 07:08:08.696004+00:00
BBG0013HGFT4,1,66.9875,100,2022-05-12 07:08:08.703674+00:00
BBG0013HGFT4,1,66.985,50,2022-05-12 07:08:08.705413+00:00
BBG0013HGFT4,1,66.9875,10,2022-05-12 07:08:08.705413+00:00
BBG0013HGFT4,1,66.9875,1,2022-05-12 07:08:08.705413+00:00
BBG0013HGFT4,1,66.99,239,2022-05-12 07:08:08.705413+00:00
BBG0013HGFT4,2,66.9625,1,2022-05-12 07:08:08.931780+00:00
BBG0013HGFT4,2,66.945,50,2022-05-12 07:08:08.931780+00:00
BBG0013HGFT4,2,66.94,1,2022-05-12 07:08:08.931780+00:00
BBG0013HGFT4,2,66.93,20,2022-05-12 07:08:08.931780+00:00
BBG0013HGFT4,2,66.9275,16,2022-05-12 07:08:08.931780+00:00
BBG0013HGFT4,2,66.95,5,2022-05-12 07:08:09.464946+00:00
BBG0013HGFT4,2,66.975,14,2022-05-12 07:08:12.427114+00:00
BBG0013HGFT4,2,66.975,31,2022-05-12 07:08:12.427736+00:00
BBG0013HGFT4,2,66.975,19,2022-05-12 07:08:12.465669+00:00
BBG0013HGFT4,2,66.975,23,2022-05-12 07:08:12.466267+00:00
BBG0013HGFT4,2,66.975,13,2022-05-12 07:08:13.714325+00:00
BBG0013HGFT4,2,66.9575,34,2022-05-12 07:08:13.714325+00:00
BBG0013HGFT4,2,66.9575,14,2022-05-12 07:08:13.715121+00:00
BBG0013HGFT4,2,66.9575,14,2022-05-12 07:08:13.724084+00:00
BBG0013HGFT4,2,66.9575,29,2022-05-12 07:08:13.724772+00:00
BBG0013HGFT4,2,66.955,7,2022-05-12 07:08:13.817741+00:00
BBG0013HGFT4,2,66.955,37,2022-05-12 07:08:13.826475+00:00
BBG0013HGFT4,2,66.955,29,2022-05-12 07:08:13.827026+00:00
BBG0013HGFT4,2,66.955,50,2022-05-12 07:08:15.848262+00:00
BBG0013HGFT4,2,66.955,54,2022-05-12 07:08:16.113013+00:00
BBG0013HGFT4,1,66.97,50,2022-05-12 07:08:16.357413+00:00
BBG0013HGFT4,1,66.9825,20,2022-05-12 07:08:16.357413+00:00
BBG0013HGFT4,1,66.9875,107,2022-05-12 07:08:16.357413+00:00
BBG0013HGFT4,1,66.99,44,2022-05-12 07:08:16.357413+00:00
BBG0013HGFT4,1,66.99,17,2022-05-12 07:08:16.357515+00:00
BBG0013HGFT4,1,66.99,20,2022-05-12 07:08:16.357515+00:00
BBG0013HGFT4,1,66.9925,1,2022-05-12 07:08:16.357515+00:00
BBG0013HGFT4,1,66.995,5,2022-05-12 07:08:16.357515+00:00
BBG0013HGFT4,1,67.0,7,2022-05-12 07:08:16.357515+00:00
BBG0013HGFT4,1,66.9875,1,2022-05-12 07:08:16.359946+00:00
BBG0013HGFT4,1,66.9975,49,2022-05-12 07:08:16.359946+00:00
BBG0013HGFT4,1,66.9975,1,2022-05-12 07:08:16.363178+00:00
BBG0013HGFT4,2,66.9975,8,2022-05-12 07:08:16.749801+00:00
BBG0013HGFT4,2,66.9975,3,2022-05-12 07:08:17.093364+00:00
BBG0013HGFT4,2,66.9975,1,2022-05-12 07:08:17.756771+00:00
BBG0013HGFT4,2,66.9975,16,2022-05-12 07:08:18.943353+00:00
BBG0013HGFT4,1,67.0,3,2022-05-12 07:08:19.422855+00:00
BBG0013HGFT4,1,67.0,4,2022-05-12 07:08:19.422855+00:00
BBG0013HGFT4,1,67.0125,43,2022-05-12 07:08:19.422855+00:00
BBG0013HGFT4,2,66.9975,5,2022-05-12 07:08:19.572660+00:00
BBG0013HGFT4,2,66.9975,5,2022-05-12 07:08:19.772672+00:00
BBG0013HGFT4,2,66.9975,5,2022-05-12 07:08:19.901199+00:00
BBG0013HGFT4,2,66.9975,1,2022-05-12 07:08:20.453214+00:00
BBG0013HGFT4,2,66.9975,5,2022-05-12 07:08:21.756790+00:00
BBG0013HGFT4,1,67.0,3,2022-05-12 07:08:22.753995+00:00
BBG0013HGFT4,1,67.0,1,2022-05-12 07:08:23.825508+00:00
BBG0013HGFT4,1,67.0,1,2022-05-12 07:08:23.934805+00:00
BBG0013HGFT4,1,67.01,1,2022-05-12 07:08:23.934805+00:00
BBG0013HGFT4,1,67.0125,39,2022-05-12 07:08:23.934805+00:00
BBG0013HGFT4,1,67.0,2,2022-05-12 07:08:24.743402+00:00
BBG0013HGFT4,2,66.9975,1,2022-05-12 07:08:25.136772+00:00
BBG0013HGFT4,2,66.97,50,2022-05-12 07:08:25.136772+00:00
BBG0013HGFT4,2,66.9575,49,2022-05-12 07:08:25.136772+00:00
BBG0013HGFT4,1,66.975,1,2022-05-12 07:08:26.684001+00:00
BBG0013HGFT4,1,67.0,50,2022-05-12 07:08:28.198960+00:00
BBG0013HGFT4,1,67.0025,50,2022-05-12 07:08:28.198960+00:00
BBG0013HGFT4,1,67.0075,1,2022-05-12 07:08:28.198960+00:00
BBG0013HGFT4,1,67.0125,99,2022-05-12 07:08:28.198960+00:00
BBG0013HGFT4,1,67.0125,50,2022-05-12 07:08:28.199079+00:00
BBG0013HGFT4,1,67.0125,69,2022-05-12 07:08:28.200920+00:00
BBG0013HGFT4,1,67.02,50,2022-05-12 07:08:28.201600+00:00
BBG0013HGFT4,1,67.02,50,2022-05-12 07:08:28.203703+00:00
BBG0013HGFT4,1,67.02,50,2022-05-12 07:08:28.205212+00:00
BBG0013HGFT4,1,67.02,50,2022-05-12 07:08:28.206429+00:00
BBG0013HGFT4,1,67.02,21,2022-05-12 07:08:28.206883+00:00
BBG0013HGFT4,1,67.02,10,2022-05-12 07:08:28.206883+00:00
BBG0013HGFT4,1,67.02,50,2022-05-12 07:08:28.207388+00:00
BBG0013HGFT4,1,67.02,41,2022-05-12 07:08:28.208692+00:00
BBG0013HGFT4,1,67.02,1,2022-05-12 07:08:28.208692+00:00
BBG0013HGFT4,1,67.02,3,2022-05-12 07:08:28.208692+00:00
BBG0013HGFT4,1,67.035,1,2022-05-12 07:08:28.928378+00:00
BBG0013HGFT4,1,67.0375,1,2022-05-12 07:08:28.928378+00:00
BBG0013HGFT4,2,67.005,5,2022-05-12 07:08:31.279787+00:00
BBG0013HGFT4,2,67.0025,2,2022-05-12 07:08:31.592371+00:00
BBG0013HGFT4,2,67.0,14,2022-05-12 07:08:32.943143+00:00
BBG0013HGFT4,1,67.0375,2,2022-05-12 07:08:34.844313+00:00
BBG0013HGFT4,2,67.0025,5,2022-05-12 07:08:35.798195+00:00
BBG0013HGFT4,2,67.0,36,2022-05-12 07:08:35.798195+00:00
BBG0013HGFT4,2,66.9925,9,2022-05-12 07:08:35.798195+00:00
BBG0013HGFT4,2,67.0025,5,2022-05-12 07:08:36.827942+00:00
BBG0013HGFT4,2,67.0025,46,2022-05-12 07:08:36.827942+00:00
BBG0013HGFT4,2,67.0025,2,2022-05-12 07:08:36.929126+00:00
BBG0013HGFT4,1,67.0375,1,2022-05-12 07:08:37.055505+00:00
BBG0013HGFT4,1,67.0375,1,2022-05-12 07:08:37.057355+00:00
BBG0013HGFT4,1,67.0375,2,2022-05-12 07:08:37.058558+00:00
BBG0013HGFT4,1,67.0375,10,2022-05-12 07:08:38.129606+00:00
BBG0013HGFT4,1,67.0375,1,2022-05-12 07:08:39.228636+00:00
BBG0013HGFT4,1,67.0375,23,2022-05-12 07:08:40.958291+00:00
BBG0013HGFT4,1,67.0375,9,2022-05-12 07:08:40.959094+00:00
BBG0013HGFT4,1,67.04,91,2022-05-12 07:08:40.959094+00:00
BBG0013HGFT4,1,67.04,15,2022-05-12 07:08:41.163956+00:00
BBG0013HGFT4,1,67.04,2,2022-05-12 07:08:42.358505+00:00
BBG0013HGFT4,1,67.04,10,2022-05-12 07:08:43.438399+00:00
BBG0013HGFT4,2,67.02,6,2022-05-12 07:08:43.514047+00:00
BBG0013HGFT4,2,67.02,5,2022-05-12 07:08:44.019357+00:00
BBG0013HGFT4,2,67.02,29,2022-05-12 07:08:44.501616+00:00
BBG0013HGFT4,1,67.04,41,2022-05-12 07:08:44.531522+00:00
BBG0013HGFT4,1,67.04,1,2022-05-12 07:08:44.533049+00:00
BBG0013HGFT4,1,67.04,5,2022-05-12 07:08:45.249479+00:00
BBG0013HGFT4,1,67.04,2,2022-05-12 07:08:45.636760+00:00
BBG0013HGFT4,1,67.04,1,2022-05-12 07:08:45.639099+00:00
BBG0013HGFT4,1,67.04,1,2022-05-12 07:08:45.642701+00:00
BBG0013HGFT4,1,67.05,1,2022-05-12 07:08:45.924452+00:00
BBG0013HGFT4,1,67.05,200,2022-05-12 07:08:46.405808+00:00
BBG0013HGFT4,1,67.05,50,2022-05-12 07:08:46.405911+00:00
BBG0013HGFT4,1,67.05,49,2022-05-12 07:08:46.406938+00:00
BBG0013HGFT4,1,67.0675,50,2022-05-12 07:08:46.408394+00:00
BBG0013HGFT4,1,67.0675,43,2022-05-12 07:08:46.409924+00:00
BBG0013HGFT4,1,67.07,100,2022-05-12 07:08:46.413543+00:00
BBG0013HGFT4,1,67.07,50,2022-05-12 07:08:47.261063+00:00
BBG0013HGFT4,2,67.05,1,2022-05-12 07:08:48.456165+00:00
BBG0013HGFT4,2,67.05,1,2022-05-12 07:08:48.456165+00:00
BBG0013HGFT4,2,67.0375,4,2022-05-12 07:08:48.456165+00:00
BBG0013HGFT4,1,67.07,1,2022-05-12 07:08:48.699532+00:00
BBG0013HGFT4,2,67.045,1,2022-05-12 07:08:50.145049+00:00
BBG0013HGFT4,2,67.0375,46,2022-05-12 07:08:50.145049+00:00
BBG0013HGFT4,2,67.0325,17,2022-05-12 07:08:50.145049+00:00
BBG0013HGFT4,1,67.07,1,2022-05-12 07:08:50.237880+00:00
BBG0013HGFT4,2,67.0025,50,2022-05-12 07:08:52.083907+00:00
BBG0013HGFT4,2,67.0,2,2022-05-12 07:08:52.083907+00:00
BBG0013HGFT4,2,66.99,1,2022-05-12 07:08:53.149635+00:00
BBG0013HGFT4,2,66.995,50,2022-05-12 07:08:53.744444+00:00
BBG0013HGFT4,1,67.0,5,2022-05-12 07:08:54.822989+00:00
BBG0013HGFT4,1,67.035,45,2022-05-12 07:08:54.822989+00:00
BBG0013HGFT4,1,67.035,5,2022-05-12 07:08:54.823468+00:00
BBG0013HGFT4,1,67.0375,45,2022-05-12 07:08:54.823468+00:00
BBG0013HGFT4,1,67.04,50,2022-05-12 07:08:54.824957+00:00
BBG0013HGFT4,1,67.05,5,2022-05-12 07:08:54.824957+00:00
BBG0013HGFT4,1,67.07,17,2022-05-12 07:08:54.824957+00:00
BBG0013HGFT4,1,67.07,28,2022-05-12 07:08:54.824957+00:00
BBG0013HGFT4,1,67.065,1,2022-05-12 07:08:54.827247+00:00
BBG0013HGFT4,1,67.07,15,2022-05-12 07:08:54.827247+00:00
BBG0013HGFT4,1,67.0725,284,2022-05-12 07:08:54.827247+00:00
BBG0013HGFT4,2,67.0325,50,2022-05-12 07:08:56.044672+00:00
BBG0013HGFT4,2,67.0325,43,2022-05-12 07:08:56.044672+00:00
BBG0013HGFT4,2,67.0325,76,2022-05-12 07:08:56.044672+00:00
BBG0013HGFT4,1,67.07,1,2022-05-12 07:08:57.333262+00:00
BBG0013HGFT4,2,67.0375,50,2022-05-12 07:08:59.227026+00:00
BBG0013HGFT4,2,67.03,49,2022-05-12 07:08:59.227026+00:00
BBG0013HGFT4,2,67.045,14,2022-05-12 07:09:00.371414+00:00
BBG0013HGFT4,1,67.0725,10,2022-05-12 07:09:00.632244+00:00
BBG0013HGFT4,1,67.0675,10,2022-05-12 07:09:00.815969+00:00
BBG0013HGFT4,1,67.0675,40,2022-05-12 07:09:01.106313+00:00
BBG0013HGFT4,1,67.07,10,2022-05-12 07:09:01.106313+00:00
BBG0013HGFT4,1,67.07,40,2022-05-12 07:09:01.107723+00:00
BBG0013HGFT4,1,67.0725,6,2022-05-12 07:09:01.108039+00:00
BBG0013HGFT4,1,67.08,2,2022-05-12 07:09:01.108039+00:00
BBG0013HGFT4,1,67.0925,92,2022-05-12 07:09:01.108039+00:00
BBG0013HGFT4,1,67.0925,50,2022-05-12 07:09:01.108514+00:00
BBG0013HGFT4,2,67.07,10,2022-05-12 07:09:01.108677+00:00
BBG0013HGFT4,2,67.0625,4,2022-05-12 07:09:01.108677+00:00
BBG0013HGFT4,1,67.0925,27,2022-05-12 07:09:01.112748+00:00
BBG0013HGFT4,1,67.1,1,2022-05-12 07:09:01.112748+00:00
BBG0013HGFT4,1,67.1,8,2022-05-12 07:09:01.112748+00:00
BBG0013HGFT4,1,67.1,1,2022-05-12 07:09:01.112748+00:00
BBG0013HGFT4,1,67.1075,5,2022-05-12 07:09:01.112748+00:00
BBG0013HGFT4,1,67.1075,3,2022-05-12 07:09:01.112748+00:00
BBG0013HGFT4,1,67.1075,1,2022-05-12 07:09:01.112748+00:00
BBG0013HGFT4,2,67.1075,50,2022-05-12 07:09:01.123482+00:00
BBG0013HGFT4,2,67.08,1,2022-05-12 07:09:01.126279+00:00
BBG0013HGFT4,1,67.08,25,2022-05-12 07:09:01.127511+00:00
BBG0013HGFT4,1,67.08,3,2022-05-12 07:09:01.127511+00:00
BBG0013HGFT4,2,67.1075,5,2022-05-12 07:09:02.062109+00:00
BBG0013HGFT4,1,67.14,2,2022-05-12 07:09:03.323205+00:00
BBG0013HGFT4,1,67.145,2,2022-05-12 07:09:03.511304+00:00
BBG0013HGFT4,2,67.0725,3,2022-05-12 07:09:04.245514+00:00
BBG0013HGFT4,1,67.145,1,2022-05-12 07:09:04.950447+00:00
BBG0013HGFT4,2,67.085,1,2022-05-12 07:09:05.069534+00:00
BBG0013HGFT4,1,67.145,1,2022-05-12 07:09:05.450082+00:00
BBG0013HGFT4,2,67.075,7,2022-05-12 07:09:05.659793+00:00
